3698 5574
931 655 1002 748 178

457 874 513 924 10.
544 851 655 948 Quae
682 851 713 925 si
741 852 793 927 ita
820 868 917 944 sunt,
946 851 1103 928 transire
1124 853 1198 927 iam
1222 852 1346 928 licebit
1370 853 1418 928 ad
1441 877 1527 927 eum

396 970 529 1065 locum,
556 999 667 1071 quem
692 975 739 1048 de
763 972 918 1073 Orpheo
942 977 1070 1074 agenti
1090 991 1319 1073 postremum
1334 975 1424 1048 mihi
1438 990 1527 1048 trac-

396 1096 550 1171 tandum
579 1122 662 1171 esse
691 1097 879 1194 professus
906 1123 1009 1172 sum:
1038 1098 1135 1172 Tim.
1167 1123 1218 1191 40
1233 1099 1270 1172 D
1300 1097 1394 1174 dico.

451 1309 524 1383 Hic
561 1309 734 1386 Tlunuus
771 1313 940 1410 exposita
972 1311 1132 1387 universi
1161 1311 1289 1385 mundi
1317 1310 1459 1410 origine
1488 1325 1526 1384 et

396 1457 592 1530 corporum
629 1434 858 1526 caelestium,
896 1435 1073 1533 imprimis
1110 1451 1242 1526 terrae,
1271 1433 1527 1532 procreatione

397 1571 596 1654 postquam
625 1557 765 1631 verbis:
795 1554 884 1636 οἰλλᾶ
911 1557 1018 1635 τοῦτοί
1041 1591 1074 1636 τε
1098 1562 1217 1650 ἱκανῶς
1241 1563 1320 1660 ἡμῖν
1346 1553 1448 1665 vairp
1473 1563 1529 1634 καί

397 1673 438 1754 roi
475 1681 543 1781 rupi
573 1683 649 1756 θεῶν
679 1687 802 1783 ὁρατῶν
830 1683 890 1758 καί
913 1695 1072 1783 γεννητῶν
1101 1681 1252 1784 εἰρημένα
1280 1675 1401 1783 ρόσεως
1430 1675 1528 1783 ἐχέτω

394 1801 498 1892 trior,
527 1800 610 1874 huic
638 1801 897 1899 disputationis
924 1802 1018 1901 parti
1043 1801 1155 1876 finem
1179 1802 1275 1894 fecit,
1300 1800 1436 1876 deinde
1457 1801 1529 1873 hoc

396 1922 510 1996 modo
546 1923 686 2022 pergit:
726 1927 803 2030 Περί
838 1924 874 2002 di
910 1941 973 2003 τών
1011 1920 1122 2002 οἰλλων
1152 1922 1320 2028 δαιμόνων
1348 1930 1440 2001 εἰπεῖν
1470 1925 1530 2000 καί

393 2059 515 2146 γνὼναι
552 2045 611 2130 τὴν
647 2049 768 2150 γένεσιν
804 2057 916 2199 μείζρν
944 2047 964 2129 ἦ
995 2043 1069 2124 καθ’
1101 2052 1204 2150 η’μοίς,
1234 2047 1372 2125 πειστέον
1400 2043 1436 2122 di
1463 2053 1528 2134 τοίς

395 2165 551 2268 εἰρηκόσιν
588 2164 826 2272 έμπροσθεν,
812 2170 955 2273 εκγόνοις
989 2167 1049 2272 μὲν
1083 2174 1160 2247 θεῶν
1188 2154 1290 2258 οἰισιν,
1319 2173 1362 2260 ὡς
1391 2164 1528 2270 έρασοιν,

396 2303 506 2391 σαρώς
544 2291 585 2366 δέ
610 2322 670 2370 που
697 2287 771 2383 τοός
798 2324 834 2396 γε
863 2295 969 2369 ον’-τών
997 2292 1172 2436 προγόνους
1199 2291 1332 2369 εἰδόσιν·
1362 2285 1527 2367 οἰδόνατον

395 2440 452 2487 ουν
481 2416 558 2488 θεῶν
585 2420 694 2492 παισὶν
722 2412 875 2504 οἰπιστειν,
899 2445 1011 2518 καιπερ
1035 2410 1111 2492 σ’ἰνευ
1135 2445 1166 2490 τε
1190 2414 1318 2491 εἰκότων
1343 2443 1400 2489 και
1424 2410 1529 2513 οἰναγ-

398 2539 500 2609 καίων
524 2531 716 2627 οἰποδειξεων
741 2535 900 2639 λεγουσιν,
925 2532 1041 2614 rr'ii't
1023 2569 1066 2628 ως
1090 2541 1192 2613 οἰκεῖοι
1214 2535 1403 2638 φασκόντων
1418 2531 1529 2635 οἰπαγ·

396 2655 580 2800 priten
563 2657 735 2759 επομένους
775 2689 817 2760 τῳ
860 2657 949 2761 νόμω
988 2657 1174 2736 πιστευτέον.
1221 2653 1320 2748 οὕτως
1359 2642 1416 2733 οἰιν
1456 2686 1518 2732 κατ

399 2779 537 2868 εκείνους
572 2781 652 2880 ημῖν
690 2813 710 2864 η
747 2781 867 2882 γένεσις
903 2787 969 2885 περὶ
996 2776 1115 2857 τούτων
1142 2795 1205 2856 τῶν
1234 2781 1355 2857 θεων’
1340 2778 1440 2884 εχέτω
1469 2779 1529 2854 καί

399 2900 547 2999 λεγέσθω.
576 2913 640 2992 Γῆς
662 2933 694 2978 τε
717 2908 774 2979 καὶ
798 2898 945 3006 Οὐρανοῦ
969 2905 1082 2993 παῖδες
1108 2901 1262 2992 Ὠκεανός
1284 2933 1316 2978 τε
1340 2903 1400 2978 καί
1422 2897 1527 2990 Τηθὺς

398 3021 574 3123 ἐγενέσθην,
611 3020 730 3100 τούτων
767 3005 803 3101 di
833 3025 956 3130 Φόρκυς
985 3023 1104 3128 Κρόνος
1130 3055 1162 3100 τε
1191 3026 1247 3101 καὶ
1275 3021 1348 3102 Ῥέα
1376 3024 1432 3100 καί
1461 3021 1527 3100 ὅσοι

398 3139 479 3244 μετοί
514 3140 649 3248 τοότων,
686 3149 721 3224 ἐκ
758 3146 794 3224 δέ
835 3148 956 3250 Κρόνου
990 3150 1049 3224 καί
1072 3144 1164 3238 Ῥέας
1192 3143 1271 3236 Ζεὺς
1296 3141 1384 3250 Ἦρα
1411 3175 1442 3222 τε
1471 3146 1527 3222 καί

397 3263 512 3358 ποίντες
535 3265 628 3359 όσους
652 3277 742 3370 ἴσμεν
766 3266 927 3372 οἰδελροίνς
950 3269 1142 3372 λεγομένους
1165 3263 1285 3359 αἰετῶν,
1305 3263 1348 3344 έτι
1362 3299 1394 3344 τε
1408 3265 1527 3344 τοότων

398 3381 520 3478 ἄλλους
548 3388 716 3491 ἐκγόνους·
749 3397 847 3468 κ.τ.λ.

397 3585 511 3635 sondern
522 3621 599 3637 .....
616 3585 754 3637 kenntlich
768 3588 887 3653 gemacht
900 3588 966 3656 ist”;
983 3589 1077 3640 iniuria
1091 3595 1176 3639 tranen
1193 3589 1216 3638 is
1231 3603 1309 3654 pagg.
1320 3599 1353 3652 32
1363 3602 1438 3653 sqq.:
1450 3587 1528 3652 „Wns

399 3673 474 3722 weiss
492 3689 541 3723 uns
560 3689 614 3723 nun
629 3674 721 3724 Piston
737 3676 802 3725 iiber
817 3676 859 3726 die
877 3675 1063 3726 Wirksemireit
1079 3675 1124 3726 des
1141 3675 1263 3740 Orpheus
1279 3691 1309 3724 zu
1328 3677 1424 3740 segeni
1434 3711 1441 3724 .
1452 3711 1476 3724 ..
1495 3673 1528 3724 de

398 3773 453 3823 rep.
464 3775 490 3824 p.
502 3759 584 3822 366ss
599 3761 703 3810 werden
720 3761 752 3811 0.
769 3763 823 3812 und
840 3764 945 3813 Mns'nus
960 3759 1110 3817 εἰσποιητοὶ
1119 3764 1173 3813 und
1182 3761 1306 3822 προφῆται
1316 3757 1373 3807 όιῆι
1383 3761 1526 3827 genennt”,

398 3844 527 3911 siqnidem
551 3846 619 3897 hanc
642 3848 776 3898 Punuottts
800 3850 956 3899 sententiam
981 3864 1037 3900 esse
1060 3855 1135 3914 putet
1155 3850 1274 3898 Wnnntt:
1293 3849 1372 3898 verba
1391 3847 1436 3898 illn
1453 3843 1528 3908 φύσει

398 3927 562 3993 λογιζόμενος
585 3949 639 3984 non
661 3935 745 3984 solum
769 3936 803 3985 ad
824 3932 880 3983 Ma
897 3930 993 3992 παῖδες,
1010 3936 1153 3987 sedetiam
1169 3935 1203 3985 ad
1221 3931 1324 3988 πσεητιιί
1342 3931 1385 3981 καὶ
1402 3939 1483 3994 στρομ,
1501 3942 1527 3985 et

399 4018 433 4068 nd
451 4015 477 4065 οἳ
490 4044 523 4054 -
540 4015 659 4080 μενέουσι
678 4023 818 4087 pertinent.
838 4023 937 4074 Eadem
955 4031 994 4073 est
1011 4023 1054 4074 hie
1069 4023 1197 4089 quaestio,
1212 4030 1291 4087 atque
1308 4038 1346 4088 ea,
1363 4037 1441 4087 quarn
1451 4037 1529 4087 supra

399 4105 432 4156 de
447 4107 534 4156 verbis
550 4103 581 4163 iic
595 4113 658 4168 φασι
674 4125 729 4174 rep.
746 4109 772 4158 11
789 4109 841 4174 364
851 4110 873 4159 E
883 4125 940 4160 esse
949 4109 1074 4160 vidimus:
1086 4125 1163 4175 quern
1173 4108 1206 4158 ad
1215 4109 1301 4159 locum
1311 4123 1376 4173 quae
1386 4107 1528 4174 disputavi,

399 4192 432 4242 iis
451 4209 517 4258 qnae
536 4195 578 4243 hic
595 4195 699 4261 scripsit
717 4195 817 4260 Pmro,
835 4196 980 4246 confirmari
998 4197 1061 4246 mihi
1079 4196 1208 4246 videntur.

445 4281 578 4330 Praeterea
602 4282 673 4346 quod
698 4283 802 4332 Wnnsn
827 4283 996 4335 adnotatione
1020 4283 1124 4334 laudata
1148 4283 1221 4348 dicit,
1244 4282 1312 4347 Rep.
1330 4280 1455 4344 1136613
1474 4297 1528 4332 non

401 4365 489 4416 referri
511 4367 647 4417 Punwuts
664 4369 829 4434 sententiam,
847 4370 893 4420 sed
912 4371 1015 4435 patroni
1034 4371 1142 4420 alicuius
1161 4368 1291 4434 Orphei
1309 4376 1336 4418 et
1353 4364 1469 4427 ιἰγυρτῆν
1484 4363 1527 4414 καὶ

399 4449 511 4510 μάντεσιν
536 4453 638 4520 [,‚nicht
661 4454 700 4504 als
724 4456 837 4506 Ansicht
860 4456 976 4524 Platona,
999 4457 1147 4508 sondern
1172 4455 1222 4506 als
1247 4454 1300 4504 die
1323 4456 1417 4505 eines
1435 4471 1529 4520 ange·

400 4554 599 4590 nommenen
617 4541 856 4606 Verteidigers
875 4543 932 4593 des
948 4544 1107 4609 Orpheus
1122 4544 1177 4593 und
1191 4543 1237 4593 der
1251 4539 1360 4604 όγύρτιι
1376 4538 1531 4599 καίμόντϋε

401 4625 536 4676 kenntlich
554 4627 673 4692 gemacht
690 4626 773 4694 ist.''],
791 4629 854 4679 hnec
873 4645 926 4680 non
945 4639 1014 4682 recte
1031 4631 1102 4682 dicta
1120 4647 1176 4681 esse
1195 4646 1226 4681 ex
1242 4631 1276 4680 iis
1291 4645 1357 4696 quse
1373 4628 1405 4678 de
1415 4629 1530 4678 universi

401 4712 452 4762 ioci
471 4713 570 4762 ratione
587 4712 637 4763 huc
656 4729 738 4780 usque
757 4715 954 4785 disputavimus,
971 4719 1047 4768 facile
1065 4725 1183 4784 apparet.
