3724 5576
866 665 911 736 25

325 839 399 914 die
426 839 791 916 ausitihrlichste
821 839 1078 915 Kenntniss
1096 843 1230 940 jener
1253 841 1451 917 Zeiten.’'

326 963 433 1038 Haec
460 965 528 1038 etsi
551 964 587 1037 in
612 964 738 1061 primis
761 963 810 1038 ad
836 963 1026 1062 Cratylum
1045 965 1242 1062 pertinent,
1258 966 1307 1040 de
1321 967 1453 1040 ceteris

324 1111 474 1183 quoque
502 1085 660 1185 dialogis
688 1087 846 1162 dicenda
873 1103 969 1162 sunt.
1000 1087 1189 1160 Pnnrours
1217 1088 1265 1162 de
1288 1089 1452 1187 priorum

322 1207 496 1282 doctrinis
530 1209 701 1283 iudicium
738 1225 796 1283 est
822 1207 1092 1302 illustrandum,
1122 1210 1189 1284 sed
1218 1208 1387 1285 illustrari
1416 1227 1454 1286 et

321 1331 497 1428 cognosci
525 1355 601 1404 non
628 1347 753 1428 potest
780 1331 851 1406 hoc
879 1331 1062 1424 iudicium,
1087 1331 1154 1406 nisi
1178 1332 1341 1430 priorum
1365 1333 1451 1407 doe·

320 1453 434 1526 trinas
460 1470 632 1529 accurate
659 1455 742 1551 quis
768 1451 947 1553 teneat,¹)
976 1470 1014 1529 et
1040 1456 1172 1528 harum
1200 1456 1451 1530 doctrinarum

321 1575 509 1650 Pnnrours
535 1602 652 1674 opera
680 1603 803 1650 rursus
831 1577 970 1675 primus
997 1592 1082 1650 sunt
1110 1578 1212 1653 lons!

376 1702 410 1773 8.
442 1698 649 1798 Rogaverit
685 1699 881 1798 quispiam,
920 1724 1007 1772 num
1037 1699 1168 1774 harum
1197 1697 1452 1775 difficultatum

322 1817 459 1894 nullam
501 1823 657 1896 senserit
698 1823 825 1896 Puero
863 1820 1027 1920 nihilque
1065 1821 1113 1897 de
1151 1821 1219 1895 illis
1256 1823 1450 1920 scripserit.

322 1943 550 2040 Respondeo
574 1944 715 2042 optime
739 1943 890 2042 quidem
914 1943 1015 2018 illum
1030 1945 1202 2036 sensisse,
1218 1961 1257 2018 et
1270 1970 1453 2043 apparere

319 2065 390 2139 hoc
413 2091 460 2139 ex
483 2067 537 2158 iis,
561 2091 659 2164 quae
683 2067 887 2142 admodum
910 2069 1266 2141 commemoratione
1288 2067 1403 2166 digna
1417 2069 1453 2141 in

320 2187 566 2286 Theaeteto&
603 2189 758 2287 scripsit,
796 2215 879 2263 cum
915 2189 1167 2264 Theaetetum
1204 2189 1370 2264 Socnnn
1397 2216 1453 2264 ro·

319 2309 440 2408 ganti:
476 2319 581 2390 ταῦτα
618 2313 677 2402 δή,
715 2301 739 2388 d
775 2318 942 2414 Θεαίτητε,
970 2301 1024 2415 ἆρ’
1052 2312 1137 2396 ἡδέα
1164 2315 1256 2390 δοκεῖ
1281 2343 1329 2390 σοι
1358 2310 1453 2414 εἶναι,

320 2439 376 2510 καὶ
413 2427 518 2535 γεύοιο
546 2431 587 2512 ἂν
617 2429 722 2511 αιἰιὼν
750 2438 794 2527 ὡς
821 2432 1042 2538 α’ρεσκόντων;
1070 2433 1164 2508 haec
1192 2434 1277 2508 facit
1304 2459 1453 2532 respon-

320 2553 493 2628 dentem:
523 2551 593 2632 Οὐκ
621 2553 698 2633 οἶδα
726 2551 840 2659 ἔγωγε,
869 2545 894 2630 ἶ)
921 2553 1105 2660 Σώκρατες·
1134 2562 1210 2634 καὶ
1239 2551 1322 2660 γὰρ
1351 2553 1453 2634 οὐδὲ

320 2682 413 2780 περὶ
462 2683 538 2754 σοῦ
587 2671 790 2779 δύναμαι
837 2689 1144 2779 κατανοῆσαι,
1190 2676 1351 2783 πότερα
1391 2681 1453 2755 do·

323 2797 489 2879 κοῦντά
514 2831 581 2878 σοι
603 2801 749 2904 λέγεις
774 2795 885 2878 aiud
908 2799 930 2882 ti
955 2802 1061 2904 ἐμοῦ
1084 2796 1350 2905 ἅπαιτειρᾷ.3)
1377 2800 1452 2875 Νο-

319 2921 473 2996 tandum
497 2948 588 2996 vero
612 2937 680 3013 est,
697 2923 906 2996 Pnnrounnr
921 2919 1091 2996 hocloco
1107 2920 1362 2996 difficultatem
1377 2947 1453 2996 non

318 3041 493 3136 solvisse,
532 3069 619 3118 nam
654 3045 826 3142 quamvis
861 3059 950 3142 apte
984 3044 1169 3142 quadrent
1197 3069 1243 3118 ea
1272 3069 1370 3141 quae
1398 3071 1453 3119 se·

318 3183 479 3264 quuntur
489 3165 515 3264 ⁴)
548 3168 584 3241 in
611 3166 816 3241 Socnnrnu
844 3167 998 3265 eiusque
1022 3165 1235 3264 disputandi
1259 3182 1453 3242 eonsuetu-

364 3410 388 3478 1)
414 3410 456 3462 Cf.
486 3413 630 3462 Ηιιιιιιιιιιιι
653 3411 715 3461 o.l.
740 3427 799 3476 pag.
829 3423 892 3474 132:
919 3409 1001 3476 ,anch
1030 3409 1183 3461 Aristoteles
1209 3409 1255 3461 hat
1281 3409 1324 3460 die
1350 3409 1448 3460 tlteren

316 3498 493 3566 Philosophen
522 3497 622 3564 tuchug
654 3498 748 3548 studirt
778 3497 833 3548 und
862 3503 931 3564 tragt
964 3497 1007 3548 die
1034 3498 1150 3548 Beweisc
1178 3497 1262 3547 dauon
1288 3497 1350 3547 weit
1377 3496 1454 3547 sicht-

315 3587 390 3636 berer
417 3603 461 3637 zur
490 3587 574 3637 Schau
604 3586 642 3636 als
667 3585 750 3652 Plato,
773 3586 816 3636 bei
840 3585 898 3636 dem
923 3601 983 3635 man
1008 3585 1081 3634 nicht
1103 3584 1162 3635 blos
1185 3583 1228 3633 die
1253 3585 1362 3650 Numen,
1389 3597 1449 3634 son·

316 3673 381 3724 dem
406 3674 471 3724 auch
496 3673 549 3724 den
573 3673 648 3724 Geist
672 3672 727 3722 und
745 3673 787 3723 die
807 3671 958 3738 Principien
977 3671 1063 3722 seiner
1081 3671 1233 3737 Vorgtlnger
1251 3671 1356 3722 kennen
1374 3686 1454 3738 muss,

316 3776 359 3810 um
377 3761 433 3812 sich
451 3777 482 3810 zu
500 3761 672 3825 llberzeugen‚
690 3759 749 3809 dass
768 3759 823 3809 und
841 3759 890 3808 wie
909 3774 936 3809 er
954 3759 992 3809 sie
1011 3757 1128 3823 gakaunt
1147 3755 1240 3808 habe'’.

362 3847 389 3914 2)
410 3857 459 3911 157
474 3846 505 3897 C.

361 3933 390 4000 3)
408 3933 447 3984 Cf.
474 3940 606 3999 praeterea
632 3931 894 3998 Βαιιιιιιιιιιιιιαιιιιι,
912 3929 1021 3982 Theaet.
1040 3930 1111 3980 Einl.
1129 3945 1156 3996 p.
1178 3927 1227 3980 126
1246 3929 1279 3979 de
1295 3929 1454 3981 'sheaetetm

318 4021 430 4085 ,Femer
453 4037 487 4070 an
512 4020 645 4071 mehreren
671 4019 772 4069 Stellen
796 4018 928 4069 offenbure
953 4018 1164 4083 Vertheidignng
1185 4017 1263 4067 theils
1282 4017 1367 4067 seiuer
1386 4018 1454 4068 indi-

315 4107 405 4158 relrten
424 4107 646 4172 Darstellnngsart
664 4105 820 4170 llberhanpt,
838 4105 887 4156 wie
902 4105 930 4154 in
947 4104 992 4154 der
1009 4104 1184 4168 Erlttnterung
1199 4105 1264 4154 ttber
1277 4103 1320 4154 die
1336 4104 1452 4154 Hebam·

306 4193 453 4259 ¹menlrunst
471 4194 517 4244 des
536 4193 669 4259 Solinates,
687 4192 764 4243 theils
783 4207 843 4257 sqq.

359 4281 387 4347 4)
410 4290 458 4346 157
470 4280 556 4347 qu.:
576 4281 611 4332 od
629 4279 797 4344 μνημονεύεις.
814 4276 832 4330 ὅ
850 4280 917 4344 φίλε,
934 4279 974 4330 ὅτι
992 4278 1043 4343 ipo
1060 4277 1106 4341 μὶν
1123 4277 1179 4329 οὔτ’
1195 4273 1251 4328 οἶδα
1266 4276 1325 4328 οὔτε
1339 4279 1456 4340 ποιοῦμαι

312 4369 361 4414 τῆν
382 4363 502 4415 τοιαύταν
518 4362 588 4414 οὐδὲν
605 4359 673 4426 ὗμιν,
690 4363 752 4413 ἀλλ’
769 4361 821 4423 elul
839 4359 921 4411 αὗται
939 4360 1036 4427 ἄγονοι,
1055 4359 1085 4411 ci
1104 4359 1132 4411 dl
1148 4359 1285 4423 μαιιύομιιι
1303 4360 1345 4410 καὶ
1361 4359 1455 4410 τούτου

312 4445 384 4496 'duem
406 4444 490 4512 ἐπᾴδιι
514 4462 544 4496 τι
565 4445 608 4496 καὶ
625 4444 777 4508 παρατίθημι
802 4441 915 4494 tutem
931 4449 980 4494 τῶν
996 4449 1079 4508 σοφῶν
1096 4441 1295 4507 denudentur,
1312 4442 1359 4502 luc
1374 4441 1403 4492 h
1420 4441 1456 4502 tle

312 4535 362 4592 φῆς
379 4529 410 4578 τὸ
427 4529 470 4578 οὖν
487 4527 572 4592 δόγμα
590 4527 761 4594 ξονιξιιγάγιι·
780 4523 931 4594 ἔξοχθύντοι
949 4525 976 4576 δι
991 4527 1048 4576 τότ’
1065 4524 1110 4584 ἤδη
1126 4523 1254 4588 σκέψομαι
1267 4523 1316 4576 llr'
1330 4525 1456 4588 ἄνιμιαῖον

312 4613 364 4666 ὅτι
385 4618 487 4680 γόνιμον
510 4613 705 4679 ἀναφανήσεται.
733 4613 805 4662 Haec
833 4612 867 4662 ad
894 4610 1096 4678 explicationem
1125 4611 1187 4662 satis
1205 4610 1284 4662 habet
1302 4611 1453 4678 Socnnm,

315 4717 374 4752 nam
392 4701 479 4754 addit:
497 4702 567 4755 ἀλλίι
585 4702 672 4768 damu
686 4700 729 4752 καὶ
744 4705 865 4764 ιιαρτιρᾶν
882 4696 909 4750 ab
927 4699 971 4751 καὶ
984 4699 1097 4764 ἀνδρείοις
1115 4700 1244 4763 ἀποκρίνου
1258 4697 1276 4750 tt
1291 4699 1321 4750 tr
1335 4699 1460 4765 φαίνηταί
