<?xml version="1.0" encoding="UTF-8"?>
<!DOCTYPE html PUBLIC "-//W3C//DTD XHTML 1.0 Transitional//EN"
    "http://www.w3.org/TR/xhtml1/DTD/xhtml1-transitional.dtd">
<html xmlns="http://www.w3.org/1999/xhtml" xml:lang="en" lang="en">
 <head>
  <title>
</title>
<meta http-equiv="Content-Type" content="text/html;charset=utf-8" />
  <meta name='ocr-system' content='tesseract 3.04.00' />
  <meta name='ocr-capabilities' content='ocr_page ocr_carea ocr_par ocr_line ocrx_word'/>
</head>
<body>
  <div class='ocr_page' id='page_1' title='image "./deplatonepraeso01woltgoog_0203.png"; bbox 0 0 3698 5574; ppageno 0'>
   <div class='ocr_carea' id='block_1_1' title="bbox 976 668 1047 737">
    <p class='ocr_par' dir='ltr' id='par_1_1' title="bbox 976 668 1047 737">
     <span class='ocr_line' id='line_1_1' title="bbox 976 668 1047 737; baseline 0 0"><span class='ocrx_word' id='word_1_1' title='bbox 976 668 1047 737; x_wconf 93' lang='lat'>186</span> 
     </span>
    </p>
   </div>
   <div class='ocr_carea' id='block_1_2' title="bbox 436 859 1574 3286">
    <p class='ocr_par' dir='ltr' id='par_1_2' title="bbox 438 859 1573 1451">
     <span class='ocr_line' id='line_1_2' title="bbox 439 859 1569 962; baseline -0.002 -26"><span class='ocrx_word' id='word_1_2' title='bbox 439 863 475 937; x_wconf 93' lang='lat' dir='ltr'>in</span> <span class='ocrx_word' id='word_1_3' title='bbox 505 865 692 937; x_wconf 77' lang='lat' dir='ltr'>Puarorus</span> <span class='ocrx_word' id='word_1_4' title='bbox 720 862 905 962; x_wconf 83' lang='lat' dir='ltr'>operibus,</span> <span class='ocrx_word' id='word_1_5' title='bbox 936 863 1087 937; x_wconf 91' lang='lat' dir='ltr'>omnino</span> <span class='ocrx_word' id='word_1_6' title='bbox 1116 859 1203 936; x_wconf 86' lang='lat' dir='ltr'><strong>nihil</strong></span> <span class='ocrx_word' id='word_1_7' title='bbox 1232 862 1289 935; x_wconf 92' lang='lat' dir='ltr'>hic</span> <span class='ocrx_word' id='word_1_8' title='bbox 1316 861 1467 934; x_wconf 93' lang='lat' dir='ltr'>adrem</span> <span class='ocrx_word' id='word_1_9' title='bbox 1492 886 1569 959; x_wconf 92' lang='lat' dir='ltr'>per-</span> 
     </span>
     <span class='ocr_line' id='line_1_3' title="bbox 438 984 1572 1083; baseline -0.002 -23"><span class='ocrx_word' id='word_1_10' title='bbox 438 986 566 1078; x_wconf 77' lang='lat' dir='ltr'>tineat,</span> <span class='ocrx_word' id='word_1_11' title='bbox 594 1012 679 1058; x_wconf 91' lang='lat' dir='ltr'>cum</span> <span class='ocrx_word' id='word_1_12' title='bbox 703 1009 778 1060; x_wconf 92' lang='lat' dir='ltr'>non</span> <span class='ocrx_word' id='word_1_13' title='bbox 802 987 851 1060; x_wconf 91' lang='lat' dir='ltr'>de</span> <span class='ocrx_word' id='word_1_14' title='bbox 874 1010 949 1059; x_wconf 94' lang='lat' dir='ltr'>uno</span> <span class='ocrx_word' id='word_1_15' title='bbox 972 984 1140 1060; x_wconf 90' lang='lat' dir='ltr'>alterove</span> <span class='ocrx_word' id='word_1_16' title='bbox 1166 995 1291 1083; x_wconf 72' lang='lat' dir='ltr'>poeta,</span> <span class='ocrx_word' id='word_1_17' title='bbox 1307 985 1374 1058; x_wconf 90' lang='lat' dir='ltr'>sed</span> <span class='ocrx_word' id='word_1_18' title='bbox 1389 984 1437 1058; x_wconf 91' lang='lat' dir='ltr'>de</span> <span class='ocrx_word' id='word_1_19' title='bbox 1451 984 1572 1082; x_wconf 72' lang='lat' dir='ltr'>poetis</span> 
     </span>
     <span class='ocr_line' id='line_1_4' title="bbox 438 1106 1573 1208; baseline -0.004 -25"><span class='ocrx_word' id='word_1_20' title='bbox 438 1106 663 1208; x_wconf 78' lang='lat' dir='ltr'>generaliter</span> <span class='ocrx_word' id='word_1_21' title='bbox 699 1107 804 1182; x_wconf 91' lang='lat' dir='ltr'>dictis</span> <span class='ocrx_word' id='word_1_22' title='bbox 839 1133 964 1182; x_wconf 91' lang='lat' dir='ltr'>sermo</span> <span class='ocrx_word' id='word_1_23' title='bbox 1002 1109 1059 1200; x_wconf 82' lang='lat' dir='ltr'>sit,</span> <span class='ocrx_word' id='word_1_24' title='bbox 1097 1107 1133 1181; x_wconf 92' lang='lat' dir='ltr'>in</span> <span class='ocrx_word' id='word_1_25' title='bbox 1162 1133 1258 1205; x_wconf 92' lang='lat' dir='ltr'>quos</span> <span class='ocrx_word' id='word_1_26' title='bbox 1286 1107 1430 1180; x_wconf 77' lang='lat' dir='ltr'>Trunul</span> <span class='ocrx_word' id='word_1_27' title='bbox 1456 1107 1573 1180; x_wconf 89' lang='lat' dir='ltr'>verba</span> 
     </span>
     <span class='ocr_line' id='line_1_5' title="bbox 438 1227 1571 1329; baseline -0.003 -23"><span class='ocrx_word' id='word_1_28' title='bbox 438 1231 579 1329; x_wconf 90' lang='lat' dir='ltr'>optime</span> <span class='ocrx_word' id='word_1_29' title='bbox 607 1231 804 1329; x_wconf 80' lang='lat' dir='ltr'>quadrent,</span> <span class='ocrx_word' id='word_1_30' title='bbox 816 1227 842 1328; x_wconf 85' lang='lat'>¹)</span> <span class='ocrx_word' id='word_1_31' title='bbox 871 1256 946 1304; x_wconf 94' lang='lat' dir='ltr'>non</span> <span class='ocrx_word' id='word_1_32' title='bbox 974 1229 1097 1322; x_wconf 82' lang='lat' dir='ltr'>video,</span> <span class='ocrx_word' id='word_1_33' title='bbox 1128 1229 1191 1328; x_wconf 91' lang='lat' dir='ltr'>qui</span> <span class='ocrx_word' id='word_1_34' title='bbox 1220 1229 1341 1328; x_wconf 88' lang='lat' dir='ltr'>priore</span> <span class='ocrx_word' id='word_1_35' title='bbox 1370 1229 1442 1304; x_wconf 95' lang='lat' dir='ltr'>hoc</span> <span class='ocrx_word' id='word_1_36' title='bbox 1466 1255 1571 1328; x_wconf 91' lang='lat' dir='ltr'>argu·</span> 
     </span>
     <span class='ocr_line' id='line_1_6' title="bbox 439 1352 1127 1451; baseline 0 -24"><span class='ocrx_word' id='word_1_37' title='bbox 439 1370 566 1429; x_wconf 92' lang='lat' dir='ltr'>mento</span> <span class='ocrx_word' id='word_1_38' title='bbox 595 1353 794 1451; x_wconf 91' lang='lat' dir='ltr'>quicquam</span> <span class='ocrx_word' id='word_1_39' title='bbox 823 1352 971 1451; x_wconf 89' lang='lat' dir='ltr'>probari</span> <span class='ocrx_word' id='word_1_40' title='bbox 999 1353 1127 1451; x_wconf 90' lang='lat' dir='ltr'>possit.</span> 
     </span>
    </p>

    <p class='ocr_par' dir='ltr' id='par_1_3' title="bbox 437 1473 1574 2185">
     <span class='ocr_line' id='line_1_7' title="bbox 493 1473 1574 1574; baseline -0.001 -25"><span class='ocrx_word' id='word_1_41' title='bbox 493 1477 572 1550; x_wconf 93' lang='lat' dir='ltr'>Iam</span> <span class='ocrx_word' id='word_1_42' title='bbox 600 1475 794 1550; x_wconf 92' lang='lat' dir='ltr'>veniamus</span> <span class='ocrx_word' id='word_1_43' title='bbox 821 1475 869 1550; x_wconf 97' lang='lat' dir='ltr'>ad</span> <span class='ocrx_word' id='word_1_44' title='bbox 897 1475 1065 1550; x_wconf 88' lang='lat' dir='ltr'>alterum.</span> <span class='ocrx_word' id='word_1_45' title='bbox 1097 1475 1185 1549; x_wconf 94' lang='lat' dir='ltr'>Non</span> <span class='ocrx_word' id='word_1_46' title='bbox 1212 1474 1400 1574; x_wconf 87' lang='lat' dir='ltr'>integram</span> <span class='ocrx_word' id='word_1_47' title='bbox 1429 1473 1487 1548; x_wconf 93' lang='lat' dir='ltr'>hic</span> <span class='ocrx_word' id='word_1_48' title='bbox 1515 1499 1574 1548; x_wconf 85' lang='lat' dir='ltr'>ex·</span> 
     </span>
     <span class='ocr_line' id='line_1_8' title="bbox 439 1596 1573 1696; baseline -0.002 -24"><span class='ocrx_word' id='word_1_49' title='bbox 439 1598 555 1672; x_wconf 86' lang='lat' dir='ltr'>hiberi</span> <span class='ocrx_word' id='word_1_50' title='bbox 592 1597 796 1696; x_wconf 91' lang='lat' dir='ltr'>Orphicam</span> <span class='ocrx_word' id='word_1_51' title='bbox 838 1597 1093 1696; x_wconf 79' lang='lat' dir='ltr'>theogeniam,</span> <span class='ocrx_word' id='word_1_52' title='bbox 1132 1598 1180 1672; x_wconf 92' lang='lat' dir='ltr'>ab</span> <span class='ocrx_word' id='word_1_53' title='bbox 1216 1596 1307 1695; x_wconf 91' lang='lat' dir='ltr'>ipsis</span> <span class='ocrx_word' id='word_1_54' title='bbox 1344 1596 1387 1670; x_wconf 90' lang='lat' dir='ltr'>iis</span> <span class='ocrx_word' id='word_1_55' title='bbox 1425 1596 1488 1694; x_wconf 87' lang='lat' dir='ltr'>qui</span> <span class='ocrx_word' id='word_1_56' title='bbox 1525 1597 1573 1671; x_wconf 89' lang='lat' dir='ltr'>ad</span> 
     </span>
     <span class='ocr_line' id='line_1_9' title="bbox 438 1715 1571 1819; baseline -0.003 -24"><span class='ocrx_word' id='word_1_57' title='bbox 438 1721 634 1819; x_wconf 85' lang='lat' dir='ltr'>Orpheum</span> <span class='ocrx_word' id='word_1_58' title='bbox 658 1720 820 1794; x_wconf 82' lang='lat' dir='ltr'>referunt</span> <span class='ocrx_word' id='word_1_59' title='bbox 837 1720 972 1812; x_wconf 86' lang='lat' dir='ltr'>locum,</span> <span class='ocrx_word' id='word_1_60' title='bbox 988 1720 1201 1795; x_wconf 85' lang='lat' dir='ltr'>conceditur</span> <span class='ocrx_word' id='word_1_61' title='bbox 1214 1749 1221 1794; x_wconf 94' lang='lat'><strong>:</strong></span> <span class='ocrx_word' id='word_1_62' title='bbox 1233 1715 1260 1818; x_wconf 78' lang='lat'>⁹)</span> <span class='ocrx_word' id='word_1_63' title='bbox 1275 1719 1378 1819; x_wconf 94' lang='lat' dir='ltr'>quod</span> <span class='ocrx_word' id='word_1_64' title='bbox 1392 1735 1522 1794; x_wconf 91' lang='lat' dir='ltr'>contra</span> <span class='ocrx_word' id='word_1_65' title='bbox 1535 1719 1571 1792; x_wconf 94' lang='lat' dir='ltr'>in</span> 
     </span>
     <span class='ocr_line' id='line_1_10' title="bbox 438 1842 1570 1941; baseline -0.004 -23"><span class='ocrx_word' id='word_1_66' title='bbox 438 1843 521 1936; x_wconf 88' lang='lat' dir='ltr'>alia,</span> <span class='ocrx_word' id='word_1_67' title='bbox 551 1844 598 1917; x_wconf 93' lang='lat' dir='ltr'>de</span> <span class='ocrx_word' id='word_1_68' title='bbox 623 1868 698 1940; x_wconf 87' lang='lat' dir='ltr'>qua</span> <span class='ocrx_word' id='word_1_69' title='bbox 720 1842 944 1934; x_wconf 84' lang='lat' dir='ltr'><strong>noverimus,</strong></span> <span class='ocrx_word' id='word_1_70' title='bbox 969 1842 1173 1941; x_wconf 91' lang='lat' dir='ltr'>theogonia</span> <span class='ocrx_word' id='word_1_71' title='bbox 1196 1843 1277 1941; x_wconf 92' lang='lat' dir='ltr'>ipsa</span> <span class='ocrx_word' id='word_1_72' title='bbox 1298 1843 1392 1916; x_wconf 92' lang='lat' dir='ltr'>haec</span> <span class='ocrx_word' id='word_1_73' title='bbox 1416 1843 1570 1916; x_wconf 91' lang='lat' dir='ltr'>deorum</span> 
     </span>
     <span class='ocr_line' id='line_1_11' title="bbox 437 1964 1571 2056; baseline -0.002 -16"><span class='ocrx_word' id='word_1_74' title='bbox 437 1964 669 2040; x_wconf 87' lang='lat' dir='ltr'>enumeratio</span> <span class='ocrx_word' id='word_1_75' title='bbox 706 1990 780 2038; x_wconf 94' lang='lat' dir='ltr'>non</span> <span class='ocrx_word' id='word_1_76' title='bbox 816 1964 1012 2056; x_wconf 77' lang='lat' dir='ltr'>invenitur,</span> <span class='ocrx_word' id='word_1_77' title='bbox 1044 1964 1138 2038; x_wconf 90' lang='lat' dir='ltr'>haec</span> <span class='ocrx_word' id='word_1_78' title='bbox 1167 1991 1241 2039; x_wconf 96' lang='lat' dir='ltr'>non</span> <span class='ocrx_word' id='word_1_79' title='bbox 1270 1981 1327 2039; x_wconf 91' lang='lat' dir='ltr'>est</span> <span class='ocrx_word' id='word_1_80' title='bbox 1354 1989 1479 2055; x_wconf 88' lang='lat' dir='ltr'>causa,</span> <span class='ocrx_word' id='word_1_81' title='bbox 1508 1989 1571 2038; x_wconf 93' lang='lat' dir='ltr'>cur</span> 
     </span>
     <span class='ocr_line' id='line_1_12' title="bbox 438 2086 1215 2185; baseline -0.003 -23"><span class='ocrx_word' id='word_1_82' title='bbox 438 2089 486 2163; x_wconf 97' lang='lat' dir='ltr'>de</span> <span class='ocrx_word' id='word_1_83' title='bbox 513 2087 680 2185; x_wconf 83' lang='lat' dir='ltr'>Orphica</span> <span class='ocrx_word' id='word_1_84' title='bbox 707 2086 912 2184; x_wconf 90' lang='lat' dir='ltr'>theogonia</span> <span class='ocrx_word' id='word_1_85' title='bbox 939 2086 1001 2185; x_wconf 90' lang='lat' dir='ltr'>agi</span> <span class='ocrx_word' id='word_1_86' title='bbox 1031 2101 1215 2185; x_wconf 89' lang='lat' dir='ltr'>putemus.</span> 
     </span>
    </p>

    <p class='ocr_par' dir='ltr' id='par_1_4' title="bbox 436 2208 1572 3163">
     <span class='ocr_line' id='line_1_13' title="bbox 492 2208 1571 2309; baseline -0.002 -25"><span class='ocrx_word' id='word_1_87' title='bbox 492 2212 623 2308; x_wconf 88' lang='lat' dir='ltr'>Itaque</span> <span class='ocrx_word' id='word_1_88' title='bbox 645 2209 872 2309; x_wconf 87' lang='lat' dir='ltr'>argumentis</span> <span class='ocrx_word' id='word_1_89' title='bbox 895 2208 995 2284; x_wconf 90' lang='lat' dir='ltr'>hisce</span> <span class='ocrx_word' id='word_1_90' title='bbox 1015 2209 1207 2307; x_wconf 89' lang='lat' dir='ltr'>perpensis</span> <span class='ocrx_word' id='word_1_91' title='bbox 1232 2209 1393 2283; x_wconf 76' lang='lat' dir='ltr'>Wuuanr</span> <span class='ocrx_word' id='word_1_92' title='bbox 1407 2208 1571 2307; x_wconf 89' lang='lat' dir='ltr'>itemque</span> 
     </span>
     <span class='ocr_line' id='line_1_14' title="bbox 437 2331 1572 2429; baseline -0.004 -21"><span class='ocrx_word' id='word_1_93' title='bbox 437 2331 854 2424; x_wconf 70' lang='lat' dir='ltr'>ScuusraR1‚Zur,unn1‚</span> <span class='ocrx_word' id='word_1_94' title='bbox 879 2331 1034 2407; x_wconf 87' lang='lat' dir='ltr'>aliorum</span> <span class='ocrx_word' id='word_1_95' title='bbox 1058 2331 1282 2429; x_wconf 88' lang='lat' dir='ltr'>hypothesin</span> <span class='ocrx_word' id='word_1_96' title='bbox 1306 2357 1409 2406; x_wconf 89' lang='lat' dir='ltr'>mera</span> <span class='ocrx_word' id='word_1_97' title='bbox 1431 2331 1572 2405; x_wconf 91' lang='lat' dir='ltr'>coniec-</span> 
     </span>
     <span class='ocr_line' id='line_1_15' title="bbox 437 2452 1570 2553; baseline -0.002 -23"><span class='ocrx_word' id='word_1_98' title='bbox 437 2471 520 2530; x_wconf 88' lang='lat' dir='ltr'>tura</span> <span class='ocrx_word' id='word_1_99' title='bbox 547 2454 612 2528; x_wconf 92' lang='lat' dir='ltr'>niti</span> <span class='ocrx_word' id='word_1_100' title='bbox 641 2470 808 2552; x_wconf 82' lang='lat' dir='ltr'>apparet,</span> <span class='ocrx_word' id='word_1_101' title='bbox 839 2452 1070 2552; x_wconf 89' lang='lat' dir='ltr'>ultraquam</span> <span class='ocrx_word' id='word_1_102' title='bbox 1095 2453 1271 2553; x_wconf 85' lang='lat' dir='ltr'>progredi</span> <span class='ocrx_word' id='word_1_103' title='bbox 1295 2479 1369 2528; x_wconf 90' lang='lat' dir='ltr'>non</span> <span class='ocrx_word' id='word_1_104' title='bbox 1395 2467 1570 2551; x_wconf 89' lang='lat' dir='ltr'>possunt:</span> 
     </span>
     <span class='ocr_line' id='line_1_16' title="bbox 438 2575 1570 2682; baseline -0.003 -30"><span class='ocrx_word' id='word_1_105' title='bbox 438 2577 515 2652; x_wconf 88' lang='lat' dir='ltr'>fieri</span> <span class='ocrx_word' id='word_1_106' title='bbox 540 2592 674 2675; x_wconf 80' lang='lat' dir='ltr'>potest,</span> <span class='ocrx_word' id='word_1_107' title='bbox 700 2592 740 2650; x_wconf 93' lang='lat' dir='ltr'>ut</span> <span class='ocrx_word' id='word_1_108' title='bbox 763 2575 886 2649; x_wconf 92' lang='lat' dir='ltr'>verbis</span> <span class='ocrx_word' id='word_1_109' title='bbox 909 2583 986 2655; x_wconf 77' lang='grc' dir='ltr'>θεῶν</span> <span class='ocrx_word' id='word_1_110' title='bbox 1009 2578 1152 2682; x_wconf 78' lang='grc' dir='ltr'><strong><em>ἐκγόνοις</em></strong></span> <span class='ocrx_word' id='word_1_111' title='bbox 1176 2576 1352 2675; x_wconf 89' lang='lat' dir='ltr'>Orpheus</span> <span class='ocrx_word' id='word_1_112' title='bbox 1373 2592 1570 2674; x_wconf 82' lang='lat' dir='ltr'>spectetur,</span> 
     </span>
     <span class='ocr_line' id='line_1_17' title="bbox 436 2696 1566 2796; baseline -0.001 -24"><span class='ocrx_word' id='word_1_113' title='bbox 436 2697 504 2772; x_wconf 91' lang='lat' dir='ltr'>sed</span> <span class='ocrx_word' id='word_1_114' title='bbox 552 2723 675 2796; x_wconf 88' lang='lat' dir='ltr'>aequo</span> <span class='ocrx_word' id='word_1_115' title='bbox 718 2697 796 2771; x_wconf 92' lang='lat' dir='ltr'>iure</span> <span class='ocrx_word' id='word_1_116' title='bbox 837 2697 886 2770; x_wconf 90' lang='lat' dir='ltr'>ad</span> <span class='ocrx_word' id='word_1_117' title='bbox 928 2696 1021 2772; x_wconf 90' lang='lat' dir='ltr'>alios</span> <span class='ocrx_word' id='word_1_118' title='bbox 1060 2699 1267 2772; x_wconf 88' lang='lat' dir='ltr'>reseruntur</span> <span class='ocrx_word' id='word_1_119' title='bbox 1307 2699 1401 2772; x_wconf 90' lang='lat' dir='ltr'>haec</span> <span class='ocrx_word' id='word_1_120' title='bbox 1440 2698 1566 2771; x_wconf 88' lang='lat' dir='ltr'>verba.</span> 
     </span>
     <span class='ocr_line' id='line_1_18' title="bbox 438 2817 1566 2918; baseline 0.001 -25"><span class='ocrx_word' id='word_1_121' title='bbox 438 2820 601 2918; x_wconf 82' lang='lat' dir='ltr'>Aequo?</span> <span class='ocrx_word' id='word_1_122' title='bbox 637 2820 757 2893; x_wconf 94' lang='lat' dir='ltr'>Immo</span> <span class='ocrx_word' id='word_1_123' title='bbox 786 2817 904 2892; x_wconf 89' lang='lat' dir='ltr'>multo</span> <span class='ocrx_word' id='word_1_124' title='bbox 932 2818 1082 2894; x_wconf 89' lang='lat' dir='ltr'>maiore.</span> <span class='ocrx_word' id='word_1_125' title='bbox 1115 2817 1214 2894; x_wconf 89' lang='lat' dir='ltr'>Nam</span> <span class='ocrx_word' id='word_1_126' title='bbox 1244 2821 1457 2894; x_wconf 78' lang='lat' dir='ltr'>Scuusrruu</span> <span class='ocrx_word' id='word_1_127' title='bbox 1483 2846 1566 2894; x_wconf 94' lang='lat' dir='ltr'>con-</span> 
     </span>
     <span class='ocr_line' id='line_1_19' title="bbox 436 2941 1567 3040; baseline -0.001 -24"><span class='ocrx_word' id='word_1_128' title='bbox 436 2943 610 3035; x_wconf 87' lang='lat' dir='ltr'>iecturae,</span> <span class='ocrx_word' id='word_1_129' title='bbox 649 2942 706 3017; x_wconf 93' lang='lat' dir='ltr'>cui</span> <span class='ocrx_word' id='word_1_130' title='bbox 744 2967 933 3040; x_wconf 87' lang='lat' dir='ltr'>perpauca</span> <span class='ocrx_word' id='word_1_131' title='bbox 954 2987 1005 2997; x_wconf 95' lang='lat'><em>-</em></span> <span class='ocrx_word' id='word_1_132' title='bbox 1029 2967 1076 3016; x_wconf 92' lang='lat' dir='ltr'>ne</span> <span class='ocrx_word' id='word_1_133' title='bbox 1104 2941 1225 3016; x_wconf 92' lang='lat' dir='ltr'>dicam</span> <span class='ocrx_word' id='word_1_134' title='bbox 1254 2942 1342 3016; x_wconf 94' lang='lat' dir='ltr'>nihil</span> <span class='ocrx_word' id='word_1_135' title='bbox 1366 2988 1417 2998; x_wconf 93' lang='lat'><em>-</em></span> <span class='ocrx_word' id='word_1_136' title='bbox 1441 2942 1567 3017; x_wconf 82' lang='lat' dir='ltr'>favere</span> 
     </span>
     <span class='ocr_line' id='line_1_20' title="bbox 436 3063 1340 3163; baseline -0.001 -23"><span class='ocrx_word' id='word_1_137' title='bbox 436 3065 607 3157; x_wconf 68' lang='lat' dir='ltr'>vidimus</span> <span class='ocrx_word' id='word_1_138' title='bbox 637 3063 754 3139; x_wconf 89' lang='lat' dir='ltr'>multa</span> <span class='ocrx_word' id='word_1_139' title='bbox 781 3065 933 3139; x_wconf 91' lang='lat' dir='ltr'>obstant</span> <span class='ocrx_word' id='word_1_140' title='bbox 959 3089 1081 3161; x_wconf 90' lang='lat' dir='ltr'>eaque</span> <span class='ocrx_word' id='word_1_141' title='bbox 1108 3064 1340 3163; x_wconf 90' lang='lat' dir='ltr'>gravissima.</span> 
     </span>
    </p>

    <p class='ocr_par' dir='ltr' id='par_1_5' title="bbox 490 3185 1567 3286">
     <span class='ocr_line' id='line_1_21' title="bbox 490 3185 1567 3286; baseline -0.001 -23"><span class='ocrx_word' id='word_1_142' title='bbox 490 3189 627 3264; x_wconf 91' lang='lat' dir='ltr'>Obstat</span> <span class='ocrx_word' id='word_1_143' title='bbox 641 3190 776 3285; x_wconf 83' lang='lat' dir='ltr'>primo</span> <span class='ocrx_word' id='word_1_144' title='bbox 790 3185 941 3286; x_wconf 89' lang='lat' dir='ltr'>pluralis</span> <span class='ocrx_word' id='word_1_145' title='bbox 955 3213 1141 3279; x_wconf 84' lang='lat' dir='ltr'>numerus,</span> <span class='ocrx_word' id='word_1_146' title='bbox 1158 3214 1233 3286; x_wconf 93' lang='lat' dir='ltr'>quo</span> <span class='ocrx_word' id='word_1_147' title='bbox 1248 3187 1361 3262; x_wconf 89' lang='lat' dir='ltr'>utitur</span> <span class='ocrx_word' id='word_1_148' title='bbox 1374 3189 1567 3262; x_wconf 76' lang='lat' dir='ltr'>Tmarus:</span> 
     </span>
    </p>
   </div>
   <div class='ocr_carea' id='block_1_3' title="bbox 433 3297 1568 3776">
    <p class='ocr_par' dir='ltr' id='par_1_6' title="bbox 433 3297 1568 3776">
     <span class='ocr_line' id='line_1_22' title="bbox 433 3297 1568 3416; baseline -0.002 -26"><span class='ocrx_word' id='word_1_149' title='bbox 433 3323 500 3405; x_wconf 86' lang='grc' dir='ltr'><strong><em>τοῖς</em></strong></span> <span class='ocrx_word' id='word_1_150' title='bbox 525 3312 681 3416; x_wconf 74' lang='grc' dir='ltr'>εἰρηκόσιν</span> <span class='ocrx_word' id='word_1_151' title='bbox 712 3355 763 3366; x_wconf 91' lang='lat'><em>-</em></span> <span class='ocrx_word' id='word_1_152' title='bbox 793 3311 936 3415; x_wconf 74' lang='grc' dir='ltr'><strong><em>ἐκγόνοις</em></strong></span> <span class='ocrx_word' id='word_1_153' title='bbox 1061 3316 1138 3388; x_wconf 80' lang='grc' dir='ltr'>θεῶν</span> <span class='ocrx_word' id='word_1_154' title='bbox 1169 3297 1257 3390; x_wconf 72' lang='grc' dir='ltr'>οὖσιν</span> <span class='ocrx_word' id='word_1_155' title='bbox 1286 3355 1337 3365; x_wconf 92' lang='grc'>-</span> <span class='ocrx_word' id='word_1_156' title='bbox 1365 3306 1488 3411; x_wconf 74' lang='grc' dir='ltr'>ἔφασαν</span> <span class='ocrx_word' id='word_1_157' title='bbox 1516 3355 1568 3366; x_wconf 89' lang='grc'>-</span> 
     </span>
     <span class='ocr_line' id='line_1_23' title="bbox 434 3433 1567 3538; baseline -0.002 -26"><span class='ocrx_word' id='word_1_158' title='bbox 434 3435 551 3513; x_wconf 77' lang='grc' dir='ltr'>εἰδόσιν</span> <span class='ocrx_word' id='word_1_159' title='bbox 588 3477 640 3488; x_wconf 89' lang='lat'>-</span> <span class='ocrx_word' id='word_1_160' title='bbox 676 3439 753 3511; x_wconf 83' lang='grc' dir='ltr'>θεῶν</span> <span class='ocrx_word' id='word_1_161' title='bbox 791 3441 900 3511; x_wconf 84' lang='grc' dir='ltr'>παισὶν</span> <span class='ocrx_word' id='word_1_162' title='bbox 938 3478 989 3488; x_wconf 98' lang='grc'>-</span> <span class='ocrx_word' id='word_1_163' title='bbox 1026 3433 1172 3538; x_wconf 67' lang='grc' dir='ltr'>λέγουσιν</span> <span class='ocrx_word' id='word_1_164' title='bbox 1209 3478 1260 3488; x_wconf 98' lang='grc'>-</span> <span class='ocrx_word' id='word_1_165' title='bbox 1296 3433 1486 3537; x_wconf 76' lang='grc' dir='ltr'>φασκόντων</span> <span class='ocrx_word' id='word_1_166' title='bbox 1516 3478 1567 3488; x_wconf 93' lang='grc'><strong>-</strong></span> 
     </span>
     <span class='ocr_line' id='line_1_24' title="bbox 435 3551 1567 3653; baseline -0.005 -19"><span class='ocrx_word' id='word_1_167' title='bbox 435 3551 509 3634; x_wconf 79' lang='grc' dir='ltr'>κατ’</span> <span class='ocrx_word' id='word_1_168' title='bbox 537 3559 690 3647; x_wconf 83' lang='grc' dir='ltr'>ἐκείνους;</span> <span class='ocrx_word' id='word_1_169' title='bbox 720 3553 783 3652; x_wconf 93' lang='lat' dir='ltr'>qui</span> <span class='ocrx_word' id='word_1_170' title='bbox 811 3555 908 3630; x_wconf 92' lang='lat' dir='ltr'>adeo</span> <span class='ocrx_word' id='word_1_171' title='bbox 936 3556 1110 3653; x_wconf 82' lang='lat' dir='ltr'>frequens</span> <span class='ocrx_word' id='word_1_172' title='bbox 1138 3571 1195 3630; x_wconf 91' lang='lat' dir='ltr'>est</span> <span class='ocrx_word' id='word_1_173' title='bbox 1221 3557 1293 3631; x_wconf 92' lang='lat' dir='ltr'>hoc</span> <span class='ocrx_word' id='word_1_174' title='bbox 1320 3554 1415 3646; x_wconf 82' lang='lat' dir='ltr'>loco,</span> <span class='ocrx_word' id='word_1_175' title='bbox 1440 3572 1481 3630; x_wconf 93' lang='lat' dir='ltr'>ut</span> <span class='ocrx_word' id='word_1_176' title='bbox 1504 3555 1567 3629; x_wconf 93' lang='lat' dir='ltr'>mi-</span> 
     </span>
     <span class='ocr_line' id='line_1_25' title="bbox 435 3677 1565 3776; baseline 0 -24"><span class='ocrx_word' id='word_1_177' title='bbox 435 3705 514 3753; x_wconf 92' lang='lat' dir='ltr'>rum</span> <span class='ocrx_word' id='word_1_178' title='bbox 552 3703 642 3752; x_wconf 87' lang='lat' dir='ltr'>sane</span> <span class='ocrx_word' id='word_1_179' title='bbox 680 3677 861 3770; x_wconf 84' lang='lat' dir='ltr'>videatur,</span> <span class='ocrx_word' id='word_1_180' title='bbox 898 3693 976 3752; x_wconf 91' lang='lat' dir='ltr'>tam</span> <span class='ocrx_word' id='word_1_181' title='bbox 1009 3703 1139 3776; x_wconf 91' lang='lat' dir='ltr'>parum</span> <span class='ocrx_word' id='word_1_182' title='bbox 1167 3679 1268 3754; x_wconf 91' lang='lat' dir='ltr'>viros</span> <span class='ocrx_word' id='word_1_183' title='bbox 1295 3679 1427 3754; x_wconf 92' lang='lat' dir='ltr'>doctos</span> <span class='ocrx_word' id='word_1_184' title='bbox 1453 3679 1565 3754; x_wconf 89' lang='lat' dir='ltr'>etiam</span> 
     </span>
    </p>
   </div>
   <div class='ocr_carea' id='block_1_4' title="bbox 429 3902 623 3914">
    <p class='ocr_par' dir='ltr' id='par_1_7' title="bbox 429 3902 623 3914">
     <span class='ocr_line' id='line_1_26' title="bbox 429 3902 623 3914; baseline -0.015 0"><span class='ocrx_word' id='word_1_185' title='bbox 429 3902 623 3914; x_wconf 82' lang='lat'><strong>—-—-——·</strong></span> 
     </span>
    </p>
   </div>
   <div class='ocr_carea' id='block_1_5' title="bbox 432 4029 1566 4704">
    <p class='ocr_par' dir='ltr' id='par_1_8' title="bbox 481 4029 925 4100">
     <span class='ocr_line' id='line_1_27' title="bbox 481 4029 925 4100; baseline -0.005 -18"><span class='ocrx_word' id='word_1_186' title='bbox 481 4031 507 4100; x_wconf 85' lang='lat'>1)</span> <span class='ocrx_word' id='word_1_187' title='bbox 525 4031 593 4082; x_wconf 86' lang='lat' dir='ltr'>Vide</span> <span class='ocrx_word' id='word_1_188' title='bbox 611 4029 689 4098; x_wconf 68' lang='lat' dir='ltr'>inin,</span> <span class='ocrx_word' id='word_1_189' title='bbox 707 4043 784 4096; x_wconf 77' lang='lat' dir='ltr'>pagg.</span> <span class='ocrx_word' id='word_1_190' title='bbox 807 4029 855 4094; x_wconf 79' lang='lat'>196</span> <span class='ocrx_word' id='word_1_191' title='bbox 865 4045 925 4097; x_wconf 87' lang='lat' dir='ltr'>sqq.</span> 
     </span>
    </p>

    <p class='ocr_par' dir='ltr' id='par_1_9' title="bbox 432 4111 1566 4704">
     <span class='ocr_line' id='line_1_28' title="bbox 478 4111 1564 4186; baseline -0.004 -15"><span class='ocrx_word' id='word_1_192' title='bbox 478 4119 506 4186; x_wconf 85' lang='lat' dir='ltr'>a)</span> <span class='ocrx_word' id='word_1_193' title='bbox 526 4118 567 4170; x_wconf 79' lang='lat' dir='ltr'>Cf.</span> <span class='ocrx_word' id='word_1_194' title='bbox 592 4119 697 4168; x_wconf 74' lang='lat' dir='ltr'>Wuun</span> <span class='ocrx_word' id='word_1_195' title='bbox 722 4133 746 4166; x_wconf 89' lang='lat' dir='ltr'>o.</span> <span class='ocrx_word' id='word_1_196' title='bbox 761 4115 779 4165; x_wconf 88' lang='lat'>1.</span> <span class='ocrx_word' id='word_1_197' title='bbox 806 4131 865 4181; x_wconf 76' lang='lat' dir='ltr'>pag.</span> <span class='ocrx_word' id='word_1_198' title='bbox 894 4129 940 4166; x_wconf 85' lang='lat' dir='ltr'>rr:</span> <span class='ocrx_word' id='word_1_199' title='bbox 966 4117 1045 4181; x_wconf 75' lang='lat' dir='ltr'>„Mag</span> <span class='ocrx_word' id='word_1_200' title='bbox 1070 4115 1166 4166; x_wconf 84' lang='lat' dir='ltr'>dicim</span> <span class='ocrx_word' id='word_1_201' title='bbox 1185 4116 1254 4166; x_wconf 85' lang='lat' dir='ltr'>Tim.</span> <span class='ocrx_word' id='word_1_202' title='bbox 1273 4132 1299 4182; x_wconf 90' lang='lat' dir='ltr'>p.</span> <span class='ocrx_word' id='word_1_203' title='bbox 1319 4111 1564 4182; x_wconf 74' lang='lat' dir='ltr'>4oDEgegebeue</span> 
     </span>
     <span class='ocr_line' id='line_1_29' title="bbox 434 4201 1565 4271; baseline -0.004 -14"><span class='ocrx_word' id='word_1_204' title='bbox 434 4205 594 4271; x_wconf 79' lang='lat' dir='ltr'>Genealogie</span> <span class='ocrx_word' id='word_1_205' title='bbox 620 4203 760 4269; x_wconf 77' lang='lat' dir='ltr'>Anklingc</span> <span class='ocrx_word' id='word_1_206' title='bbox 784 4217 818 4252; x_wconf 81' lang='lat' dir='ltr'>an</span> <span class='ocrx_word' id='word_1_207' title='bbox 843 4202 885 4252; x_wconf 88' lang='lat' dir='ltr'>die</span> <span class='ocrx_word' id='word_1_208' title='bbox 909 4202 1090 4252; x_wconf 85' lang='lat' dir='ltr'>hesiodeische</span> <span class='ocrx_word' id='word_1_209' title='bbox 1115 4203 1214 4270; x_wconf 85' lang='lat' dir='ltr'>zeigen,</span> <span class='ocrx_word' id='word_1_210' title='bbox 1233 4219 1291 4268; x_wconf 78' lang='lat' dir='ltr'>mag</span> <span class='ocrx_word' id='word_1_211' title='bbox 1310 4203 1347 4252; x_wconf 85' lang='lat' dir='ltr'>sie</span> <span class='ocrx_word' id='word_1_212' title='bbox 1365 4201 1409 4252; x_wconf 89' lang='lat' dir='ltr'>die</span> <span class='ocrx_word' id='word_1_213' title='bbox 1426 4203 1565 4268; x_wconf 86' lang='lat' dir='ltr'>orphische</span> 
     </span>
     <span class='ocr_line' id='line_1_30' title="bbox 433 4288 1565 4356; baseline -0.002 -14"><span class='ocrx_word' id='word_1_214' title='bbox 433 4293 506 4342; x_wconf 86' lang='lat' dir='ltr'>nicht</span> <span class='ocrx_word' id='word_1_215' title='bbox 524 4289 661 4342; x_wconf 82' lang='lat' dir='ltr'>liickenlos</span> <span class='ocrx_word' id='word_1_216' title='bbox 679 4291 774 4356; x_wconf 82' lang='lat' dir='ltr'>geben,</span> <span class='ocrx_word' id='word_1_217' title='bbox 792 4317 827 4326; x_wconf 98' lang='lat'>-</span> <span class='ocrx_word' id='word_1_218' title='bbox 842 4288 886 4338; x_wconf 84' lang='lat' dir='ltr'>die</span> <span class='ocrx_word' id='word_1_219' title='bbox 901 4289 960 4354; x_wconf 82' lang='lat' dir='ltr'>Nyx</span> <span class='ocrx_word' id='word_1_220' title='bbox 976 4288 1022 4340; x_wconf 87' lang='lat' dir='ltr'>der</span> <span class='ocrx_word' id='word_1_221' title='bbox 1038 4289 1196 4355; x_wconf 82' lang='lat' dir='ltr'>orphischen</span> <span class='ocrx_word' id='word_1_222' title='bbox 1213 4291 1296 4340; x_wconf 87' lang='lat' dir='ltr'>Lehre</span> <span class='ocrx_word' id='word_1_223' title='bbox 1312 4290 1346 4339; x_wconf 89' lang='lat' dir='ltr'>ist</span> <span class='ocrx_word' id='word_1_224' title='bbox 1354 4289 1412 4340; x_wconf 87' lang='lat' dir='ltr'>hier</span> <span class='ocrx_word' id='word_1_225' title='bbox 1420 4289 1565 4356; x_wconf 74' lang='lat' dir='ltr'>uberhaupt</span> 
     </span>
     <span class='ocr_line' id='line_1_31' title="bbox 432 4375 1566 4444; baseline -0.002 -15"><span class='ocrx_word' id='word_1_226' title='bbox 432 4379 515 4444; x_wconf 82' lang='lat' dir='ltr'>nicht,</span> <span class='ocrx_word' id='word_1_227' title='bbox 536 4383 614 4427; x_wconf 87' lang='lat' dir='ltr'>unter</span> <span class='ocrx_word' id='word_1_228' title='bbox 637 4377 683 4427; x_wconf 88' lang='lat' dir='ltr'>der</span> <span class='ocrx_word' id='word_1_229' title='bbox 706 4377 802 4427; x_wconf 83' lang='lat' dir='ltr'>letzten</span> <span class='ocrx_word' id='word_1_230' title='bbox 827 4375 1072 4442; x_wconf 77' lang='lat' dir='ltr'>Gdttergeueration</span> <span class='ocrx_word' id='word_1_231' title='bbox 1095 4377 1130 4427; x_wconf 77' lang='lat' dir='ltr'>ist</span> <span class='ocrx_word' id='word_1_232' title='bbox 1154 4377 1296 4442; x_wconf 81' lang='lat' dir='ltr'>Dionysos,</span> <span class='ocrx_word' id='word_1_233' title='bbox 1322 4377 1397 4442; x_wconf 81' lang='lat' dir='ltr'>„dem</span> <span class='ocrx_word' id='word_1_234' title='bbox 1414 4377 1566 4442; x_wconf 87' lang='lat' dir='ltr'>orphischer</span> 
     </span>
     <span class='ocr_line' id='line_1_32' title="bbox 432 4461 1565 4530; baseline -0.002 -13"><span class='ocrx_word' id='word_1_235' title='bbox 432 4466 535 4517; x_wconf 81' lang='lat' dir='ltr'>Glaube</span> <span class='ocrx_word' id='word_1_236' title='bbox 559 4465 636 4515; x_wconf 83' lang='lat' dir='ltr'>einen</span> <span class='ocrx_word' id='word_1_237' title='bbox 662 4479 768 4530; x_wconf 80' lang='lat' dir='ltr'>grossen</span> <span class='ocrx_word' id='word_1_238' title='bbox 791 4464 909 4527; x_wconf 82' lang='lat' dir='ltr'>Vorraug</span> <span class='ocrx_word' id='word_1_239' title='bbox 928 4462 1088 4514; x_wconf 74' lang='lat' dir='ltr'>eiuriumte”</span> <span class='ocrx_word' id='word_1_240' title='bbox 1106 4461 1222 4530; x_wconf 81' lang='lat' dir='ltr'>(Rohde,</span> <span class='ocrx_word' id='word_1_241' title='bbox 1241 4463 1340 4528; x_wconf 84' lang='lat' dir='ltr'>Psyche</span> <span class='ocrx_word' id='word_1_242' title='bbox 1358 4463 1473 4530; x_wconf 79' lang='grc' dir='ltr'><strong>4ι4Α.),</strong></span> <span class='ocrx_word' id='word_1_243' title='bbox 1492 4465 1565 4515; x_wconf 85' lang='lat' dir='ltr'>nicht</span> 
     </span>
     <span class='ocr_line' id='line_1_33' title="bbox 432 4547 1565 4616; baseline -0.001 -15"><span class='ocrx_word' id='word_1_244' title='bbox 432 4551 573 4602; x_wconf 82' lang='lat' dir='ltr'>besonders</span> <span class='ocrx_word' id='word_1_245' title='bbox 598 4548 740 4616; x_wconf 77' lang='lat' dir='ltr'>geumnt,”</span> <span class='ocrx_word' id='word_1_246' title='bbox 765 4549 964 4616; x_wconf 86' lang='lat' dir='ltr'>sqq.;..ibid.:</span> <span class='ocrx_word' id='word_1_247' title='bbox 992 4550 1066 4614; x_wconf 80' lang='lat' dir='ltr'>„eine</span> <span class='ocrx_word' id='word_1_248' title='bbox 1091 4547 1244 4599; x_wconf 84' lang='lat' dir='ltr'>liickenlose</span> <span class='ocrx_word' id='word_1_249' title='bbox 1269 4549 1442 4615; x_wconf 77' lang='lat' dir='ltr'>wiedergabe</span> <span class='ocrx_word' id='word_1_250' title='bbox 1461 4549 1508 4600; x_wconf 86' lang='lat' dir='ltr'>der</span> <span class='ocrx_word' id='word_1_251' title='bbox 1525 4567 1565 4600; x_wconf 92' lang='lat' dir='ltr'>or·</span> 
     </span>
     <span class='ocr_line' id='line_1_34' title="bbox 433 4634 1563 4704; baseline 0.001 -17"><span class='ocrx_word' id='word_1_252' title='bbox 433 4637 560 4704; x_wconf 82' lang='lat' dir='ltr'>phischen</span> <span class='ocrx_word' id='word_1_253' title='bbox 579 4636 732 4702; x_wconf 84' lang='lat' dir='ltr'>Theogonie</span> <span class='ocrx_word' id='word_1_254' title='bbox 752 4652 804 4686; x_wconf 81' lang='lat' dir='ltr'>war</span> <span class='ocrx_word' id='word_1_255' title='bbox 822 4651 866 4701; x_wconf 78' lang='lat' dir='ltr'>gru</span> <span class='ocrx_word' id='word_1_256' title='bbox 884 4635 958 4686; x_wconf 88' lang='lat' dir='ltr'>nicht</span> <span class='ocrx_word' id='word_1_257' title='bbox 976 4635 1082 4686; x_wconf 76' lang='lat' dir='ltr'>Platous</span> <span class='ocrx_word' id='word_1_258' title='bbox 1102 4634 1246 4702; x_wconf 80' lang='lat' dir='ltr'>Absicht;”</span> <span class='ocrx_word' id='word_1_259' title='bbox 1264 4650 1339 4704; x_wconf 81' lang='lat' dir='ltr'>sqq.;</span> <span class='ocrx_word' id='word_1_260' title='bbox 1354 4636 1415 4686; x_wconf 83' lang='lat' dir='ltr'>vide</span> <span class='ocrx_word' id='word_1_261' title='bbox 1431 4643 1563 4703; x_wconf 74' lang='lat' dir='ltr'>praetereo</span> 
     </span>
    </p>
   </div>
   <div class='ocr_carea' id='block_1_6' title="bbox 436 4722 1242 4790">
    <p class='ocr_par' dir='ltr' id='par_1_10' title="bbox 436 4722 1242 4790">
     <span class='ocr_line' id='line_1_35' title="bbox 436 4722 1242 4790; baseline -0.004 -14"><span class='ocrx_word' id='word_1_262' title='bbox 436 4725 584 4790; x_wconf 76' lang='lat' dir='ltr'>Susumiiu,</span> <span class='ocrx_word' id='word_1_263' title='bbox 602 4724 643 4774; x_wconf 86' lang='lat' dir='ltr'>De</span> <span class='ocrx_word' id='word_1_264' title='bbox 661 4723 761 4789; x_wconf 82' lang='lat' dir='ltr'>Theog.</span> <span class='ocrx_word' id='word_1_265' title='bbox 780 4723 862 4788; x_wconf 89' lang='lat' dir='ltr'>Orph.</span> <span class='ocrx_word' id='word_1_266' title='bbox 882 4722 957 4773; x_wconf 85' lang='lat' dir='ltr'>form.</span> <span class='ocrx_word' id='word_1_267' title='bbox 976 4723 1058 4790; x_wconf 72' lang='lat' dir='ltr'>antiq.</span> <span class='ocrx_word' id='word_1_268' title='bbox 1078 4739 1137 4789; x_wconf 73' lang='lat' dir='ltr'>pag.</span> <span class='ocrx_word' id='word_1_269' title='bbox 1155 4723 1242 4774; x_wconf 86' lang='lat' dir='ltr'>xv11.</span> 
     </span>
    </p>
   </div>
   <div class='ocr_carea' id='block_1_7' title="bbox 0 0 1854 5574">
    <p class='ocr_par' dir='ltr' id='par_1_11' title="bbox 0 0 1854 5574">
     <span class='ocr_line' id='line_1_36' title="bbox 0 0 1854 5574; baseline 0 2"><span class='ocrx_word' id='word_1_270' title='bbox 0 0 1854 5574; x_wconf 95' lang='lat' dir='ltr'> </span> 
     </span>
    </p>
   </div>
  </div>
 </body>
</html>
