3698 5574
997 656 1066 723 162

463 844 546 948 λέγει
572 848 611 924 δέ
630 877 689 926 που
715 851 773 926 καὶ
797 844 838 926 roi
862 844 1001 952 Ὀρφέως
1024 844 1214 952 καλούμενα
1232 844 1303 939 ἔπη,
1317 846 1379 922 vel
1393 846 1469 922 tale
1484 847 1589 946 quid,

462 993 546 1041 cum
575 971 791 1067 praesertim
819 970 987 1045 dicantur
1014 970 1108 1046 haec
1135 997 1158 1044 a
1187 971 1371 1062 Socnnra,
1401 970 1464 1068 qui
1493 970 1591 1044 iden-

461 1089 578 1164 tidem
605 1117 645 1166 se
673 1093 792 1166 virum
811 1093 968 1184 doctum
991 1118 1074 1166 esse
1097 1109 1223 1192 neget,
1249 1093 1376 1191 itaque
1399 1092 1521 1166 minus
1543 1093 1591 1166 ad

460 1211 621 1288 litteram
646 1215 832 1290 laudantis
847 1217 931 1308 sint,
948 1241 1062 1314 quam
1078 1215 1293 1291 memoriter
1307 1232 1346 1290 et
1359 1241 1406 1290 ex
1419 1231 1590 1312 tempore

460 1336 632 1430 dicentis,
657 1337 694 1410 id
717 1339 819 1435 quod
843 1365 890 1414 ex
904 1340 1075 1413 universa
1090 1338 1236 1413 dicendi
1250 1337 1395 1412 ratione
1409 1353 1587 1436 apparet:

459 1457 585 1562 οἶμαι
623 1459 659 1539 δὲ
695 1463 752 1538 καὶ
790 1459 948 1554 Ἡσίοδος,
988 1463 1071 1565 λέγει
1108 1461 1150 1540 δέ
1180 1493 1258 1540 που
1288 1469 1346 1539 καὶ
1377 1461 1441 1552 Ὀ.,
1471 1477 1510 1536 et
1539 1459 1588 1533 ad

459 1580 560 1656 vitae
587 1582 797 1657 cotidianae
823 1608 1034 1657 sermonem
1062 1583 1160 1658 bene
1187 1585 1358 1681 quadrat.

513 1704 683 1796 Accedit,
720 1707 823 1805 quod
852 1731 927 1779 non
954 1707 1004 1780 ad
1031 1706 1203 1804 quamvis
1231 1705 1490 1804 quaestionem
1518 1704 1586 1779 sol-

458 1829 621 1902 vendam
658 1843 744 1902 sunt
779 1827 904 1926 scripti
942 1829 1130 1902 Panroms
1157 1827 1312 1927 dialogi:
1344 1826 1461 1902 multa
1489 1843 1584 1918 sunt,

458 1949 506 2022 de
535 1949 668 2046 quibus
694 1965 759 2023 aut
786 1975 861 2024 non
890 1949 1069 2048 cogitavit
1097 1951 1237 2041 Pnnr0,
1266 1966 1333 2026 aut
1360 1967 1460 2026 certe
1487 1975 1585 2048 quae

457 2071 638 2170 cogitavit
657 2098 731 2146 non
752 2072 936 2170 patefecit.
955 2072 1008 2146 Ut
1021 2074 1176 2147 afleram
1192 2073 1423 2172 exemplum:
1441 2072 1585 2147 Wanan

456 2222 540 2269 cum
564 2195 722 2294 inquirit,
748 2212 869 2270 utrum
895 2195 1081 2270 Graecum
1105 2221 1153 2270 an
1177 2196 1366 2271 Thracem
1391 2196 1585 2294 Orpheum

456 2319 627 2393 habuerit
651 2319 791 2410 Patro,
806 2315 833 2415 ¹)
856 2317 933 2392 iure
957 2317 1107 2416 quidem
1131 2335 1296 2393 statuere
1319 2319 1407 2392 mihi
1426 2319 1583 2409 videtur,

456 2466 640 2539 nusquam
682 2441 782 2539 apud
820 2441 1028 2514 Pomorum
1066 2441 1160 2515 inter
1196 2441 1363 2518 Thraces
1399 2440 1583 2516 numerari

456 2563 662 2660 Orpheum,
696 2563 810 2636 immo
839 2562 954 2636 multa
983 2564 1144 2655 obstare,
1173 2564 1372 2662 quominus
1400 2563 1583 2640 numerari

455 2711 541 2760 eum
569 2710 807 2759 censeamus:
838 2685 966 2759 dubito
995 2711 1086 2760 vero
1114 2711 1240 2760 annon
1268 2686 1407 2761 exhac
1431 2712 1583 2762 revere

455 2807 644 2899 efficiatur,
674 2807 860 2882 Graecum
888 2807 1087 2882 existimari
1116 2809 1311 2907 Orpheum
1336 2835 1359 2884 a
1383 2810 1580 2883 Patrona:

455 2931 590 3005 etenim
629 2930 706 3004 fieri
744 2946 879 3029 potest,
918 2948 959 3006 ut
995 2931 1147 3006 omnino
1184 2933 1232 3006 de
1264 2933 1335 3006 hac
1362 2932 1582 3029 quaestione

454 3079 528 3128 non
570 3053 802 3153 cogitaverit,
846 3069 910 3128 aut
952 3053 987 3126 in
1030 3054 1205 3152 operibus
1245 3053 1378 3131 saltem
1414 3053 1580 3129 tacuerit.

453 3175 580 3250 Simile
613 3175 702 3274 quid
729 3191 856 3250 autem
884 3175 932 3251 de
961 3175 1101 3274 Cratyli
1128 3176 1212 3251 loco
1241 3177 1329 3250 mihi
1356 3177 1504 3252 videtur
1531 3177 1581 3249 di·

452 3300 631 3374 cendum:
671 3298 798 3396 itaque
835 3323 909 3371 non
942 3299 1141 3390 contendo,
1170 3324 1216 3372 ex
1245 3299 1430 3372 SOCRATIS
1457 3298 1580 3374 verbis

452 3446 646 3519 apparere,
676 3421 883 3492 Pnnronau
911 3419 1154 3518 theogeniam
1181 3421 1408 3495 abiudicasse
1435 3422 1484 3494 ab
1512 3421 1579 3494 Or·

451 3545 563 3642 pheo,
599 3544 665 3616 sed
706 3567 798 3615 uno
836 3543 925 3615 hoc
961 3541 1071 3616 loco
1109 3543 1465 3635 demonstrari,
1503 3543 1579 3617 Or·

451 3667 577 3764 pheo
606 3663 825 3738 adscribi
848 3689 871 3737 a
896 3664 1074 3737 Pannona
1102 3665 1421 3763 theogoniam
1445 3691 1467 3740 e
1491 3690 1579 3763 qua

449 3813 623 3862 versus
650 3785 843 3860 laudati
871 3801 983 3859 sunt
1010 3788 1211 3884 sumpti,
1240 3787 1291 3859 id
1320 3812 1459 3886 nego,

504 4003 619 4098 Quod
633 3999 663 4074 si
678 4001 725 4074 de
742 3997 881 4096 Cratyli
896 3997 978 4073 loco
994 4025 1123 4074 verum
1137 4015 1205 4091 est,
1222 3999 1339 4074 multo
1350 3999 1471 4099 magis
1481 4001 1580 4077 idem

450 4126 498 4200 de
522 4123 662 4197 Phileb.
690 4121 787 4195 66C
811 4147 893 4218 sqq.
919 4136 956 4194 et
980 4122 1100 4220 Legg.
1128 4121 1161 4193 ll
1188 4128 1263 4215 669
1279 4123 1315 4195 D
1340 4122 1579 4196 statuendum

450 4248 605 4322 videtur.
625 4244 773 4340 Nempe
788 4257 946 4340 utroque
961 4242 1043 4317 loco
1058 4243 1230 4318 carminis
1244 4245 1435 4318 cuiusdam
1450 4270 1579 4318 versus

448 4371 657 4456 laudantur,
700 4389 775 4437 non
817 4380 857 4437 ut
898 4364 1120 4439 sententiam
1158 4364 1236 4438 eius
1273 4365 1336 4462 qui
1374 4366 1461 4440 dicit
1498 4365 1578 4439 aliis

448 4489 598 4590 probari
637 4487 865 4576 ostendatur,
895 4511 970 4560 non
998 4503 1039 4560 ut
1067 4486 1305 4563 confirmetur
1333 4503 1397 4562 aut
1425 4489 1576 4562 demon·

448 4641 643 4653 ...-...--·

495 4722 521 4790 1)
539 4721 592 4772 o.l.
611 4733 689 4785 pagg.
711 4726 821 4778 14-32.
