3654 5564
964 589 1035 677 136

429 781 509 877 ipsa
538 781 671 855 marito
700 783 804 874 mori,
833 782 918 858 licet
944 784 1024 857 eius
1048 798 1155 881 pater
1178 799 1216 856 et
1232 800 1350 858 mater
1365 786 1558 860 viverent:

430 928 542 1000 quam
584 904 656 977 hoc
697 905 870 980 edentem
912 931 1008 1004 opus
1049 921 1126 980 tam
1170 905 1361 1003 pulchrum
1399 908 1559 982 edidisse

428 1027 548 1100 visam
570 1053 653 1102 esse
673 1052 747 1100 non
762 1026 882 1102 solum
899 1028 1120 1119 hominibus,
1136 1055 1266 1103 verum
1281 1029 1393 1103 etiam
1409 1029 1488 1121 diis,
1505 1045 1557 1120 ut,

428 1148 513 1224 licet
545 1148 648 1224 multi
678 1149 793 1224 multa
821 1149 975 1248 pulchra
1003 1152 1246 1249 peregissent,
1276 1167 1401 1226 tamen
1430 1153 1558 1249 paucis

429 1271 651 1370 quibusdam
680 1273 751 1346 hoc
779 1273 827 1346 dii
851 1273 1055 1347 tribuentes
1078 1274 1284 1371 praemium
1307 1290 1348 1347 ut
1372 1275 1420 1347 ab
1435 1274 1556 1347 inferis

428 1395 658 1469 remitterent
672 1394 848 1487 animum,
865 1394 958 1470 illius
967 1395 1131 1469 animum
1142 1395 1371 1470 remitterent
1382 1394 1556 1470 oblectati

430 1542 565 1615 opere:
594 1514 702 1595 οὕτω
734 1525 808 1596 καὶ
836 1524 923 1596 θεοὶ
950 1518 1026 1604 τὴν
1054 1525 1147 1624 περὶ
1175 1519 1247 1596 τὸν
1272 1516 1412 1624 ἔρωτα
1434 1551 1556 1598 σπου·

429 1641 510 1724 δῆν
538 1672 579 1716 τε
607 1647 681 1717 καὶ
711 1638 871 1743 αἱρετὴν
899 1639 1099 1743 μάλιστα
1126 1657 1324 1744 τιμῶσιν.

484 1761 582 1835 Huic
618 1761 793 1860 Orpheus
830 1762 1049 1859 opponitur:
1088 1763 1198 1836 illam
1235 1763 1331 1836 iusto
1368 1765 1415 1837 dii
1454 1789 1557 1837 orna-

429 1900 514 1957 runt
562 1884 741 1980 praemio,
793 1884 964 1958 maritum
1015 1883 1226 1974 reddentes,
1271 1885 1369 1958 hunc
1408 1886 1555 1960 inanem

429 2006 645 2080 dimiserunt
681 2007 728 2080 ab
765 2006 900 2096 inseris,
936 2022 1121 2104 spectrum
1160 2007 1401 2081 ostendentes
1434 2009 1557 2081 uxoris

428 2145 720 2228 propterquam
748 2144 915 2219 venerat,
945 2131 1064 2228 ipsam
1091 2155 1183 2204 vero
1213 2155 1286 2203 non
1315 2131 1467 2222 dantes,
1493 2131 1560 2204 illi

426 2253 542 2327 vitam
571 2227 822 2342 reddiderunt,
853 2253 954 2349 quod
979 2268 1137 2326 mortem
1162 2277 1236 2325 non
1261 2253 1448 2326 metuerit:
1473 2253 1560 2326 Ιιαὶα

427 2400 589 2471 poenam
619 2375 899 2465 constituerunt,
924 2389 964 2447 ut
988 2389 1108 2447 morte
1131 2373 1338 2448 afficeretur
1361 2400 1384 2447 a
1399 2374 1554 2465 feminis,

429 2497 531 2594 quod
558 2512 694 2594 sponte
721 2512 880 2570 mortem
908 2496 1010 2569 obire
1039 2496 1175 2569 amoris
1202 2521 1316 2569 causa
1343 2521 1417 2569 non
1445 2522 1557 2570 ausus

428 2635 539 2709 esset,
568 2619 634 2692 sed
663 2619 733 2690 hoc
762 2635 861 2691 esset
888 2618 1119 2692 machinatus
1147 2634 1186 2691 ut
1213 2619 1321 2692 vivus
1348 2618 1398 2693 ad
1421 2618 1557 2692 inferos

428 2741 684 2830 descenderet,
723 2740 824 2837 quod
861 2740 983 2837 igitur,
1022 2756 1063 2814 ut
1089 2757 1170 2814 erat
1197 2741 1390 2846 κιθαρῳδός,
1418 2741 1555 2838 ignave

428 2862 557 2936 secisse
585 2863 628 2935 iis
655 2862 754 2936 visus
783 2877 891 2937 esset.

483 2987 570 3060 Duo
599 2985 721 3082 igitur,
750 2999 791 3058 ut
818 2985 1040 3059 sententiam
1070 3010 1176 3058 suam
1205 2985 1411 3076 confirmet,
1438 2986 1557 3058 Punn·

428 3131 523 3182 nnus
550 3107 658 3183 affert
680 3108 871 3206 exempla3
897 3133 993 3205 quae
1017 3109 1112 3183 inter
1135 3135 1175 3183 se
1196 3124 1453 3206 opponuntur:
1470 3108 1558 3183 alte·

428 3255 508 3304 rum
544 3256 611 3326 per
644 3230 763 3304 thesin
792 3230 938 3326 probat,
968 3255 1035 3326 per
1063 3231 1259 3304 antithesin
1288 3229 1462 3304 alterum:
1494 3228 1558 3303 Al-

429 3353 538 3426 cestis
566 3378 695 3426 verum
724 3377 890 3426 amorem
920 3353 1065 3425 habuit:
1095 3352 1221 3450 itaque
1245 3352 1386 3426 sortiter
1409 3351 1505 3442 fecit,
1521 3367 1559 3426 et

429 3499 453 3547 a
489 3472 557 3546 diis
594 3490 651 3548 est
688 3475 892 3548 honorata:
926 3473 1101 3571 Orpheus
1127 3501 1256 3549 verum
1286 3499 1453 3548 amorem
1483 3499 1558 3547 non

430 3595 578 3669 habuit:
606 3597 735 3693 itaque
762 3596 899 3693 ignave
928 3596 1016 3693 egit,
1045 3612 1084 3670 et
1111 3621 1135 3669 a
1163 3598 1230 3670 diis
1258 3595 1436 3670 multatus
1464 3611 1530 3670 est.

485 3718 593 3792 Haec
630 3733 755 3791 autem
794 3716 966 3814 exempla
1000 3719 1139 3815 opponi
1177 3718 1333 3792 alterum
1373 3717 1477 3791 alteri
1514 3743 1560 3791 ex

430 3841 518 3938 ipsis
546 3840 722 3914 orationis
750 3840 873 3913 verbis
900 3857 1080 3937 apparet:

483 3969 504 4047 η’
535 3969 649 4041 Πελίου
679 3960 823 4066 θυγάτηρ
844 3959 970 4051 Ἀλκη-
1077 3957 1195 4066 Ὀρφέα
1223 3962 1259 4040 δὲ
1285 3965 1339 4039 τὸν
1369 3961 1525 4068 Οἰάγρου.

431 4117 512 4178 στις.

483 4209 664 4293 ἐθελήσασα
696 4207 781 4310 μόνη
811 4204 886 4310 ὑπὲρ
912 4216 968 4283 τοῦ
1076 4205 1112 4284 οὐ
1130 4213 1257 4308 τολμᾶν
1272 4203 1365 4284 ἕνεκα
1378 4215 1435 4284 τοῦ
1449 4203 1562 4310 ἔρωτας

431 4326 532 4421 αὐτῆς
561 4328 678 4434 ἅνδρὲς
706 4327 889 4406 α’παθανεῑν.
1019 4326 1231 4433 ἀποθνῄσκειν
1255 4329 1358 4432 ὥσπερ
1371 4325 1561 4430 Ἀλκηατις,

1023 4445 1112 4526 ἄλλα
1127 4452 1404 4553 διαμηχανᾶσθαι
1419 4463 1482 4546 ζων
1498 4455 1561 4530 εἰσ·

1024 4571 1105 4652 ιε’ναι
1132 4577 1174 4666 εἰς
1197 4566 1322 4650 Ἃιδου.
