3724 5576
592 1501 810 1600 CAPUT
841 1506 1112 1605 PRIMUM.

355 1973 419 2028 Quo
440 1974 481 2016 uu
502 1973 645 2020 consino
666 1977 705 2020 ua
725 1977 768 2020 uu
786 1978 838 2020 vin
857 1977 897 2020 nc
915 1979 1053 2022 aunone
1072 1979 1105 2022 ru
1124 1971 1354 2024 mseurnnouu

691 2073 863 2129 suouuums
882 2074 1011 2120 nouus.

343 2251 373 2301 1.
403 2229 562 2304 Vidimus
584 2232 617 2305 in
639 2234 835 2330 prooemio,
859 2258 1036 2330 quaenam
1058 2249 1154 2307 esset
1175 2233 1334 2332 quaestio
1353 2231 1418 2307 sol·

284 2349 411 2441 venda,
435 2352 588 2452 quidque
610 2353 726 2429 soluta
745 2356 894 2429 haberet
912 2353 1083 2445 utilitatis3
1099 2372 1136 2430 et
1150 2357 1262 2453 primo
1276 2357 1419 2453 quidem

284 2474 512 2567 ostendimus,
540 2478 599 2574 qui
625 2494 720 2552 esset
741 2478 978 2578 cognoscendi
1001 2476 1173 2552 clarorum
1196 2480 1348 2553 virorum
1373 2479 1419 2552 de

283 2598 477 2694 praeteritis
490 2599 598 2673 iudicii
607 2601 888 2693 huctus3deinde
897 2626 983 2674 vero
992 2600 1227 2692 indicavimus,
1238 2601 1419 2675 PLnTorus

284 2719 449 2817 imprimis
469 2721 516 2796 de
533 2722 705 2820 prioribus
725 2724 934 2798 sententiam
952 2723 1151 2824 cognitione
1165 2749 1245 2797 esse
1259 2723 1416 2822 dignam,

284 2841 415 2939 quippe
450 2844 509 2941 qui
544 2843 755 2919 clarissimae
791 2845 917 2919 aetatis
952 2842 1160 2919 clarissimus
1190 2843 1419 2943 philosophus

283 2963 412 3055 fuisset,
450 2981 488 3040 et
522 2967 617 3040 cuius
654 2993 766 3064 opera
800 2963 957 3065 primum'
985 2969 1283 3066 praecipuumque
1316 2993 1418 3064 prae·

282 3085 482 3161 Socraticae
510 3087 753 3186 philosophiae
776 3091 1049 3190 cognoscendae
1072 3089 1251 3164 efficerent
1273 3090 1417 3164 sontem.

338 3209 389 3284 At
413 3212 656 3308 quaestionem
679 3213 712 3286 in
735 3212 853 3287 medio
876 3214 1036 3311 posuisse
1059 3237 1129 3286 non
1152 3228 1207 3286 est
1229 3213 1331 3286 satis:
1354 3213 1419 3309 pri-

285 3357 434 3431 usquam
468 3334 578 3407 dirimi
610 3335 733 3432 possit,
769 3333 943 3433 permulta
970 3334 1182 3432 disputanda
1207 3350 1298 3424 sunt,
1326 3359 1420 3432 quae

282 3454 339 3529 vel
362 3457 468 3530 dubia
491 3458 558 3532 sint
581 3457 639 3532 vel
656 3457 811 3556 aliquam
824 3458 1022 3556 praebeant
1035 3455 1283 3531 difficultatem.
1302 3457 1419 3550 Quae,

283 3579 443 3676 quamvis
470 3579 509 3653 iis
531 3579 589 3678 qui
611 3605 702 3678 opus
724 3579 793 3654 hoc
816 3579 934 3654 lecturi
949 3595 1079 3670 essent,
1093 3595 1179 3653 nota
1194 3579 1268 3653 lore
1282 3579 1417 3669 scirem,

284 3701 502 3776 nihilominus
521 3703 635 3799 primo
649 3701 718 3776 hoc
731 3702 847 3798 capite
860 3702 1014 3776 breviter
1026 3718 1179 3775 tractare
1192 3727 1264 3776 non
1278 3726 1421 3797 prorsus

283 3821 398 3896 inutile
431 3824 589 3914 iudicavi,
617 3840 654 3898 et
679 3824 714 3896 id
741 3824 883 3921 quidem
911 3824 1001 3897 hanc
1029 3824 1078 3898 ob
1105 3849 1193 3914 rem,
1222 3822 1330 3920 quod,
1358 3822 1420 3895 nisi

283 3946 317 4018 id
344 3945 509 4035 facerem,
538 3946 700 4036 verebar,
729 3971 774 4019 ne
797 3945 929 4044 passim
952 3946 985 4018 in
1008 3946 1085 4044 ipsa
1107 3947 1313 4044 quaestione
1327 3944 1419 4018 iden-

281 4068 390 4142 tidem
421 4069 627 4168 attingenda
654 4068 736 4141 mihi
763 4084 894 4142 essent.

336 4190 420 4264 Tria
449 4207 569 4264 autem
594 4191 814 4288 potissimum
841 4190 1002 4291 roganda
1029 4216 1110 4264 esse
1137 4190 1220 4264 mihi
1242 4191 1418 4265 videntur:

283 4313 307 4386 l.
351 4313 508 4410 quibus
562 4312 720 4385 linibus
761 4313 1038 4387 terminanda
1079 4313 1134 4386 sit
1175 4313 1420 4411 disputatio

281 4461 481 4535 quaeque
518 4435 763 4526 contineat3
797 4436 836 4510 Π.
875 4437 1031 4534 quibus
1067 4437 1246 4508 Punuorus
1274 4436 1421 4509 iudicii

282 4558 477 4658 cognitio
518 4560 749 4632 obstructa
787 4559 843 4632 sit
885 4557 1222 4631 difficultatibus
1263 4584 1357 4632 cum
1399 4583 1422 4632 a

283 4681 453 4755 PLAToNE
476 4698 561 4755 tum
584 4705 607 4752 a
630 4679 850 4778 prioribus
872 4679 1169 4778 philosophis,
1195 4697 1281 4754 tum
1306 4681 1421 4780 quod
