3724 5576
855 705 899 776 ¹9

309 873 410 948 nullo
438 875 526 949 dolo
551 875 650 950 malo
675 876 857 976 nullisque
884 879 1094 976 praestigiis
1108 878 1281 952 adhibitis
1295 904 1438 954 errores

308 995 478 1071 facillime
502 998 572 1073 hac
595 999 630 1071 in
655 1025 694 1074 rc
718 1000 879 1096 irrepere
904 1015 1115 1096 potuerunt,
1132 1001 1437 1098 quandoquidem

308 1117 388 1192 sola
397 1121 631 1218 inscriptione
642 1137 756 1220 atque
767 1122 885 1196 indice
896 1122 1150 1221 opusaliquod
1159 1125 1347 1197 Psarours
1355 1150 1438 1199 esse

306 1244 614 1340 cognoscebatur,
632 1245 768 1319 indices
788 1262 912 1320 autem
929 1245 977 1336 hi,
994 1272 1077 1320 cnm
1094 1247 1319 1321 extrinsecus
1334 1245 1436 1321 volu·

307 1365 463 1439 minibus
478 1366 729 1466 affigerentur,
745 1367 851 1443 facile
865 1369 1191 1443 commutabantur
1200 1369 1294 1444 inter
1303 1394 1398 1461 sese,
1410 1366 1437 1468 ¹)

307 1642 465 1692 magnopere
483 1627 562 1677 leudo
577 1654 612 1664 —
627 1625 861 1692 Untersucbungen
874 1641 934 1692 pag.
949 1626 1007 1692 189,
1017 1641 1075 1676 curu
1085 1625 1178 1692 partim
1188 1626 1296 1676 nimium
1306 1626 1330 1676 ei
1340 1626 1436 1676 tribuat

305 1714 474 1781 auctoritatis,
498 1721 524 1764 et
546 1713 627 1764 nimia
652 1729 683 1763 ex
707 1729 739 1764 eo
763 1713 911 1778 concludat,
935 1713 1029 1777 partim
1053 1728 1155 1764 omnem
1174 1713 1249 1764 fidem
1269 1713 1293 1762 ei
1311 1714 1436 1778 abrogare

305 1801 431 1851 rideatur.
456 1801 523 1851 Nam
548 1800 581 1851 de
600 1799 686 1866 priore
705 1799 755 1849 loci
775 1807 848 1864 parte
867 1799 997 1849 scribens:
1019 1800 1089 1863 „Der
1107 1807 1173 1850 erste
1192 1799 1269 1849 Theil
1281 1835 1287 1848 .
1298 1831 1324 1849 ..
1341 1799 1435 1849 beruht

304 1887 456 1938 schwerlich
480 1887 527 1937 auf
546 1887 620 1936 einer
643 1901 673 1935 so
697 1885 880 1936 umiassendeu
907 1885 1199 1938 historiscb-kritischen
1226 1887 1435 1951 Untersuchung‚

304 1975 352 2025 rrie
369 1974 407 2024 sie
475 1974 547 2024 hatte
565 1971 705 2038 angestellt
723 1972 827 2022 werden
845 1977 960 2038 missen,
978 1989 1021 2022 uru
1041 1973 1183 2024 deuselben
1202 1973 1434 2024 wissenschastlich

303 2077 333 2110 zu
352 2060 481 2126 sicbern‚'’
505 2060 612 2110 alteram
637 2059 717 2109 nullis
742 2058 850 2124 prolatis
875 2060 1034 2125 argumentis
1058 2059 1107 2110 hoc
1131 2061 1209 2110 modo
1234 2061 1340 2125 probat:
1365 2061 1436 2124 „Der

302 2148 391 2197 aweite
415 2147 492 2196 Theil
516 2146 600 2196 dieser
626 2147 741 2210 Aussage
766 2151 844 2194 stiitzt
870 2145 926 2194 sich
950 2145 1018 2196 ohne
1044 2142 1192 2214 Zweiiel(i)
1210 2145 1256 2194 aui
1272 2146 1331 2196 eine
1350 2145 1434 2196 Reihe

301 2249 352 2283 rou
381 2233 559 2297 Tbatsachen‚
587 2231 630 2282 die
656 2231 755 2296 ittglich
783 2231 842 2281 dem
871 2231 986 2280 Galenus
1009 2230 1126 2280 bekannt
1151 2230 1207 2280 seiu
1232 2229 1383 2280 kounten''!
1403 2231 1434 2282 ld

301 2320 382 2386 quod,
405 2320 467 2370 licet
491 2319 661 2386 posteriorem
685 2318 770 2368 thesin
793 2318 876 2368 multo
901 2317 1002 2368 facilius
1028 2318 1197 2368 demonstrari
1216 2317 1302 2382 priore
1321 2317 1433 2368 libenter

301 2406 450 2472 concedam,
474 2421 529 2455 nou
553 2406 645 2470 probo,
669 2404 740 2470 quod
764 2405 807 2454 hic
831 2405 881 2455 sibi
906 2420 961 2455 nou
985 2412 1087 2454 constat
1106 2405 1271 2469 Utrumne,
1290 2411 1316 2454 et
1334 2403 1362 2454 in
1382 2405 1433 2454 aliu

301 2493 351 2543 loci
369 2499 443 2558 parte
461 2492 514 2542 alio
533 2491 613 2542 utitur
630 2491 737 2541 iudicio.

343 2580 448 2630 Deinde
465 2594 527 2629 vero
542 2579 617 2644 plura
634 2578 698 2628 mihi
717 2577 820 2628 videtur
833 2593 865 2627 ex
881 2577 967 2628 verbis
983 2576 1077 2626 Galeni
1094 2577 1203 2643 efficere,
1219 2593 1297 2642 quam
1308 2577 1430 2642 equidem

301 2665 386 2716 inesse
400 2665 511 2716 arbitror
525 2663 562 2731 (o.
572 2665 589 2714 l.
606 2679 667 2730 pag.
680 2663 729 2727 189
739 2665 766 2714 in
776 2663 848 2730 fine).
858 2665 960 2729 Nempe
970 2665 1094 2728 scriptum
1104 2663 1210 2728 quidem
1219 2664 1322 2729 legitur,
1332 2663 1432 2714 frauda·

301 2759 369 2804 tores
383 2753 486 2817 aliquos
499 2751 593 2801 multos
603 2750 674 2800 falsis
684 2751 815 2802 iudicibus
825 2751 976 2801 instruxisse
985 2751 1066 2800 libros
1077 2757 1102 2800 et
1112 2751 1279 2800 bibliothecis
1290 2750 1432 2817 obtulisse3

299 2838 515 2888 bibliothecarum
532 2853 593 2888 vero
609 2837 754 2902 praelectus
764 2846 859 2888 temere
870 2837 931 2887 talia
941 2837 1072 2888 subditiva
1082 2853 1161 2902 opera
1171 2853 1218 2902 pro
1228 2837 1350 2902 genuinis
1360 2852 1432 2888 acce·

301 2926 370 2990 pisse
386 2933 412 2975 et
426 2925 495 2975 inter
509 2925 725 2975 bibliothecarum
740 2925 822 2974 libros
838 2925 967 2989 recepisse
984 2930 1009 2974 et
1023 2925 1049 2974 in
1060 2923 1160 2973 indices
1170 2924 1309 2990 rettulisse,
1318 2924 1368 2973 hoc
1379 2940 1432 2974 non

299 3011 403 3079 legitur,
417 3027 574 3077 quamquam
590 3012 727 3062 verborum
742 3017 891 3061 contextum
901 3017 929 3060 ut
939 3010 990 3060 tale
1001 3010 1064 3075 quid
1074 3010 1240 3076 intellegatur
1252 3011 1360 3060 suadere
1370 3026 1432 3060 con·

301 3101 375 3149 cedo.
391 3100 455 3150 Utut
469 3105 518 3164 est,
533 3113 586 3148 non
600 3097 709 3148 nimium
719 3097 883 3147 tribuendum
893 3113 948 3146 esse
958 3105 1032 3162 puto,
1042 3098 1064 3146 si
1074 3113 1141 3162 quae
1151 3097 1278 3147 eiusmodi
1289 3097 1431 3146 traduntur.

346 3185 448 3248 Quodsi
471 3185 530 3251 quis
553 3183 704 3249 contendat,
728 3199 786 3234 cum
810 3199 877 3248 opus
900 3182 1009 3248 aliquod
1033 3184 1060 3233 in
1088 3183 1274 3233 bibliothecam
1299 3191 1432 3248 receptum

301 3273 345 3339 sit,
367 3272 395 3323 id
418 3272 452 3322 ad
476 3272 531 3322 eius
554 3271 682 3322 αὐθεντῶν
699 3269 767 3320 nibil
785 3269 891 3335 proprie
911 3269 1050 3335 pertinere,
1068 3269 1177 3319 nimium
1195 3271 1309 3335 probans
1325 3270 1347 3320 is
1361 3269 1429 3319 nihil

302 3361 411 3426 probare
429 3359 492 3410 mihi
507 3358 618 3409 videtur.

345 3447 420 3496 Talia
438 3447 483 3512 qui
501 3445 580 3512 dicat,
598 3446 694 3495 nitatur
711 3459 817 3494 necesse
836 3450 875 3494 est
893 3459 981 3494 eorum
1001 3443 1158 3510 coniectura,
1176 3443 1222 3510 qui
1239 3442 1431 3493 Alexandrinos

300 3533 426 3599 imprimis
443 3533 513 3583 viros
530 3532 631 3596 doctos,
649 3546 716 3596 quos
734 3531 833 3596 alioqui
851 3531 878 3580 in
897 3531 997 3580 caelum
1016 3530 1124 3580 efferunt
1142 3529 1272 3596 laudibus,
1290 3529 1427 3580 inhaere

307 3621 394 3670 asinos
409 3619 488 3670 luisse
504 3626 606 3684 putant.
617 3618 690 3681 Quae
700 3617 848 3668 coniectura
857 3618 1008 3682 longissime
1019 3619 1092 3668 abest
1100 3632 1116 3667 a
1125 3632 1194 3667 vero.
1205 3617 1245 3666 Ci¹
1253 3616 1277 3681 J.
1287 3617 1431 3682 Womrar,

303 3707 487 3773 Overlevering
510 3722 542 3756 en
568 3705 600 3756 K
599 3707 685 3756 rr'tr'ek.
715 3705 877 3756 Amsterdam
907 3703 990 3770 1886,
1022 3705 1069 3770 qui
1096 3703 1191 3754 Galeni
1219 3706 1297 3754 verba
1323 3701 1431 3752 laudans

301 3793 373 3861 (pag.
389 3794 444 3860 26),
459 3793 549 3859 paucis
564 3793 680 3844 versibus
696 3799 757 3858 post
771 3792 836 3842 haec
847 3792 933 3842 addit:
952 3791 1041 3856 „Toch
1051 3792 1101 3856 zijn
1111 3791 1163 3840 oolr
1173 3792 1234 3841 deae
1245 3805 1278 3840 en
1288 3789 1430 3854 dergelijke

300 3881 421 3946 gevalieu
439 3895 490 3930 ran
509 3878 642 3945 werkelijk
661 3879 760 3943 bedrog
779 3879 833 3928 niet
850 3879 879 3928 in
898 3884 964 3928 staat
981 3879 1027 3928 het
1041 3877 1161 3928 karakter
1175 3893 1225 3928 van
1241 3878 1430 3927 betrouwbaar·

300 3967 362 4019 heid
385 3983 433 4018 aun
458 3967 491 4017 de
509 3967 691 4031 orerlerering
713 3973 738 4016 te
758 3973 909 4030 ontuemen,
926 3972 996 4016 want
1015 3965 1042 4014 in
1061 3965 1094 4014 de
1112 3971 1193 4015 eerste
1213 3964 1297 4030 plaats
1315 3979 1367 4014 was
1385 3963 1431 4012 het

300 4055 400 4120 bedrog
424 4053 582 4120 gewoonlijk
608 4060 633 4103 te
657 4051 749 4118 plump
773 4067 816 4102 om
840 4051 917 4102 stand
937 4059 961 4100 te
983 4051 1092 4101 kunnen
1110 4051 1228 4118 houden3
1248 4059 1291 4101 ten
1311 4051 1429 4100 tweeden

301 4157 386 4192 waren
406 4141 439 4192 de
458 4141 543 4190 auden
562 4139 615 4190 reli
631 4139 685 4189 niet
703 4153 750 4188 zoo
766 4137 903 4203 onnoozel,
918 4137 962 4188 dat
979 4138 1010 4202 aij
1026 4137 1083 4187 zicir
1097 4153 1144 4187 roo
1160 4135 1334 4202 gemalrkeiijk
1349 4137 1431 4187 lieteu

302 4228 452 4295 misleiden3
479 4228 511 4278 de
538 4227 718 4291 orerlevering
744 4225 798 4275 aelf
816 4227 930 4291 getuigt,
954 4225 999 4275 dat
1023 4225 1054 4289 zij
1081 4225 1223 4290 dergelijke
1242 4223 1432 4289 bedriegeriJ'en

301 4313 453 4365 berkendeu
477 4329 509 4364 en
534 4314 561 4362 iu
581 4311 600 4362 ’t
615 4313 680 4363 licht
703 4311 815 4378 stetten,
839 4327 872 4362 en
896 4311 1051 4361 buitendieu
1069 4327 1155 4362 waren
1174 4311 1204 4376 aij
1224 4311 1252 4360 in
1271 4311 1303 4360 de
1323 4310 1431 4376 profane

301 4401 448 4452 litteratuur
470 4399 644 4464 betrelrkelijir
668 4415 715 4449 roo
739 4398 877 4463 aeldzaam,
901 4398 954 4464 dat,
978 4398 1030 4448 ook
1053 4413 1121 4448 waar
1143 4398 1197 4447 buu
1221 4397 1320 4462 bedrog
1341 4395 1431 4461 gelulrt

302 4503 377 4554 ware,
393 4488 455 4537 tocb
473 4487 535 4537 dere
553 4485 646 4536 enkele
665 4485 784 4552 gerallen
803 4485 848 4534 het
866 4484 986 4534 karakter
1004 4485 1051 4534 der
1067 4485 1213 4534 litteratuur
1231 4484 1258 4534 in
1270 4483 1287 4532 't
1297 4483 1432 4548 algemeen

302 4575 357 4624 niet
375 4574 481 4624 konden
498 4571 603 4623 deren.”
620 4572 660 4622 Cf.
677 4572 818 4637 Gourtuz,
835 4571 1003 4622 Griechische
1019 4569 1431 4636 Denlrer‚11p.563adn.postr.

348 4661 374 4727 ι)
394 4660 434 4711 Ci.
454 4659 669 4725 wmer,0.1.
689 4675 749 4725 pag.
769 4667 816 4722 25:
841 4657 960 4722 „Anders
980 4657 1026 4725 [sc.
1041 4665 1120 4724 atque
1136 4657 1163 4707 in
1178 4657 1254 4706 variis
1263 4656 1431 4723 lectionibus]

301 4755 366 4798 staat
385 4748 430 4798 het
449 4747 537 4797 echter
552 4754 604 4796 met
621 4746 655 4796 de
671 4745 927 4812 pseudepigraphen,
942 4746 975 4796 de
990 4745 1148 4811 geschriften
1165 4751 1216 4794 met
1232 4743 1336 4794 veische
1352 4743 1431 4794 titels.
