3724 5576
980 623 1028 711 56

436 817 622 910 haereant3
652 818 686 890 id
714 816 812 915 quod
838 815 1028 916 explicatur
1055 818 1144 915 Rep.
1174 822 1243 912 581
1263 820 1312 910 D,
1337 847 1410 918 quo
1432 820 1511 896 loco
1530 823 1567 900 τὸ

436 941 553 1018 εἰδέναι
589 939 725 1032 τάληθὲς
763 939 825 1045 ὅπῃ
862 937 927 1044 ἔχει
964 939 1084 1015 dicitur
1119 943 1239 1046 ἡδονή,
1264 941 1404 1042 reliquis
1432 947 1567 1038 ἡδοναῖς

438 1060 545 1160 longe
572 1063 834 1159 praeponenda.
845 1059 870 1159 ¹)

488 1184 630 1257 Revera
665 1183 755 1257 duas
789 1183 855 1257 has
890 1199 1010 1281 partes
1041 1185 1194 1260 maxime
1221 1202 1358 1285 spectat
1385 1187 1507 1262 Pmro
1534 1189 1568 1263 in

436 1304 582 1380 aliorum
617 1306 852 1380 doctrinarum
887 1306 1201 1405 contemplatione3
1229 1308 1406 1408 physicos
1435 1311 1493 1409 qui
1519 1311 1567 1385 di·

435 1446 557 1504 cuntur
584 1430 736 1527 proprie,
764 1455 891 1527 parum
918 1429 1063 1527 curat.³)

491 1551 658 1626 Ceterum
695 1578 782 1627 vero
818 1578 863 1626 ex
893 1553 995 1626 variis
1021 1553 1074 1626 his
1100 1552 1353 1629 definitionibus
1379 1554 1480 1630 latius
1505 1582 1566 1655 pa-

436 1692 512 1749 tere
547 1674 645 1772 apud
681 1676 880 1748 Pmrounu
910 1675 1154 1774 philosophiae
1188 1678 1336 1752 notionis
1370 1677 1474 1776 vim³)
1502 1705 1568 1754 nec

484 1934 509 2001 1)
527 1937 569 1985 riv
588 1934 614 1984 δε
632 1933 800 1999 φιλόσοφον..
818 1935 849 1984 τί
860 1933 967 1996 oldiardis
983 1937 1043 1993 τὰς
1061 1934 1166 1994 ἄλλοις
1184 1934 1297 1994 ἡδονὰς
1314 1936 1424 2002 νομίζειν
1441 1939 1499 1999 πρὸς
1514 1937 1570 1995 τὴν

435 2019 492 2066 σοί
515 2016 637 2067 εἰδέναι
660 2015 800 2075 rolandia
822 2017 881 2081 iau
903 2015 977 2080 'ixei
1000 2015 1138 2080 saliva-fi
1156 2016 1262 2080 τοιαύτῃ
1280 2014 1463 2069 mildrithae
1480 2017 1571 2081 μανθά-

435 2117 521 2156 νοντα,

481 2185 510 2251 2)
529 2185 568 2235 Ci.
588 2184 667 2234 verba
686 2185 841 2234 Heiorum
860 2199 919 2250 pag.
941 2194 983 2249 52,
1001 2183 1061 2232 adn.
1082 2197 1096 2232 2
1116 2183 1228 2234 laudata.

483 2272 512 2338 3)
531 2270 668 2321 Latissima
684 2271 750 2322 haee
766 2272 805 2321 vis
821 2271 923 2320 videtur
940 2285 995 2320 esse
1006 2271 1101 2320 talibus
1110 2271 1175 2320 locis
1185 2271 1274 2337 quales
1285 2280 1345 2321 sunt
1354 2272 1461 2322 Theaet.
1474 2286 1523 2337 143
1534 2275 1568 2324 D:

435 2355 460 2405 it
474 2375 538 2414 τινες
560 2355 646 2406 αὐτόθι
664 2357 718 2418 περὶ
734 2357 887 2422 γεωμετρίαν
905 2353 919 2412 li
937 2373 994 2404 σινιι
1010 2354 1091 2412 ἄλλην
1107 2357 1257 2418 φιλοσοφίαν
1275 2355 1325 2405 riri
1340 2361 1390 2405 abiu
1408 2355 1465 2406 νίαν
1483 2355 1571 2418 ἔντιμό-

436 2449 503 2488 λιιαν
519 2439 667 2500 ποιούμενοι,
685 2443 773 2492 nescio
793 2457 854 2492 vero
874 2456 962 2491 annon
981 2441 1059 2490 etiarn
1077 2442 1145 2506 Rep.
1160 2441 1192 2490 V.
1207 2453 1258 2504 473
1269 2440 1291 2491 C
1301 2443 1340 2492 D:
1355 2438 1412 2488 Ἐὰν
1428 2439 1503 2500 μὴ...
1518 2441 1532 2497 ii
1547 2441 1573 2488 οἱ

435 2527 568 2587 φιλόσοφοι
591 2525 776 2586 βασιλεύσασιν
799 2523 823 2575 ἔν
846 2528 904 2584 ταῖς
926 2529 1029 2575 πόλεσιν
1050 2524 1065 2582 ii
1090 2525 1116 2574 οί
1135 2527 1244 2586 βασιλῆς
1268 2543 1297 2574 τε
1320 2528 1360 2574 νῦν
1380 2529 1510 2590 λεγόμενοι
1528 2526 1570 2576 καὶ

437 2608 558 2658 δυνάσται
582 2607 833 2671 φιλοσοφήσωσι
850 2609 987 2671 γνησίως
1005 2625 1041 2656 σε
1059 2607 1111 2657 καὶ
1128 2608 1256 2668 ἱκανῶς,
1271 2607 1314 2656 καὶ
1331 2610 1408 2658 τοῦτο
1425 2607 1459 2668 είς
1475 2607 1570 2659 vairhs

436 2689 561 2756 ξομείσγ,
584 2688 687 2752 δύναμίς
710 2707 739 2740 τε
762 2689 878 2746 πολιτικὴ
902 2689 944 2738 καὶ
965 2690 1112 2752 φιλοσοφία,
1135 2693 1185 2738 τῶν
1206 2687 1233 2738 δε
1255 2691 1294 2738 νῦν
1311 2689 1476 2752 ποοειισμίναν
1493 2690 1570 2754 χωρὶς

437 2771 477 2835 ἐφ’
503 2771 617 2834 ἑκάτερον
642 2773 673 2821 a!
695 2771 789 2822 πολλαὶ
813 2770 902 2835 φύσεις
928 2771 955 2837 ἑξ
980 2772 1089 2836 ἀνάγκης
1115 2771 1317 2829 ἀποκλεισθῶσιν,
1344 2769 1388 2822 οὖν
1410 2771 1469 2822 ’ἐστι
1492 2779 1570 2824 κακῶν

437 2859 575 2906 σαῦλα...
597 2857 655 2910 ταῖς
677 2857 774 2911 πόλεσι,
798 2852 858 2904 δοκῶ
883 2852 963 2904 t‘attt
985 2859 1021 2917 τῷ
1039 2854 1176 2916 ἇνίριισίνφ
1193 2853 1260 2918 γένει
1279 2865 1353 2904 ιισ.λ.

484 2939 605 3005 Sagncius
629 2939 720 2988 saltem
746 2955 825 3005 quam
850 2939 933 2989 verius
955 2941 1149 2990 Wruonnuxuo
1168 2939 1195 2988 in
1214 2940 1318 3004 egregia
1338 2939 1369 2990 de
1389 2941 1496 2990 notione
1512 2941 1569 3006 phi-

439 3026 574 3091 losophiae
608 3027 784 3092 disputatione
815 3025 973 3092 (Priiludien.
1003 3026 1124 3076 Auisitze
1155 3026 1208 3075 und
1232 3025 1323 3076 Reden
1347 3043 1392 3076 zur
1416 3027 1569 3093 Einleitung

439 3113 467 3162 in
491 3113 534 3164 die
557 3113 733 3179 Philosophie.
760 3114 887 3178 Freiburg
911 3113 959 3162 i.B.
984 3113 1038 3162 und
1062 3113 1201 3176 Tiibingen
1228 3112 1302 3176 1884.
1329 3114 1415 3178 Mohr‚
1439 3131 1499 3180 pag.
1527 3115 1570 3181 12)

440 3207 526 3250 vetare
551 3201 613 3250 mihi
638 3203 748 3267 videtur,
772 3202 800 3250 in
826 3200 889 3251 locis
913 3201 998 3267 qualis
1023 3207 1062 3249 est
1087 3199 1214 3263 posterior
1232 3215 1321 3250 vocem
1338 3199 1489 3262 φιλοσοφίαν
1507 3203 1570 3252 Ger-

440 3288 539 3337 manice
565 3289 630 3338 verti
657 3285 868 3352 „Philosophia”
898 3287 958 3336 Mea
985 3287 1091 3351 quidem
1118 3287 1249 3336 sententia
1271 3287 1369 3351 optime
1394 3288 1431 3337 ita
1454 3289 1571 3354 vertitur,

440 3375 579 3424 dummodo
598 3375 663 3440 quid
678 3375 749 3439 apud
765 3375 899 3423 Platonem
919 3381 993 3423 sonet
1011 3373 1074 3423 haee
1089 3389 1149 3441 vox,
1164 3382 1251 3423 mente
1267 3381 1398 3440 teneatur3
1415 3375 1442 3424 id
1459 3375 1530 3440 quod
1543 3376 1571 3425 in

440 3461 511 3510 omni
531 3463 745 3526 interpretatione
763 3477 829 3526 opus
847 3469 894 3510 est.

486 3547 605 3598 Ceterum
624 3548 687 3598 haec
707 3549 928 3597 Wruonrexuoro
947 3547 1048 3597 obicio:

485 3635 585 3684 Primo.
611 3635 793 3701 Interpretatio
817 3635 881 3685 haec
906 3635 1056 3700 uuicuique,
1079 3634 1202 3684 historiae
1222 3615 1405 3701 philosophiae
1424 3652 1477 3686 non
1496 3637 1574 3687 nimis

442 3721 508 3787 rudi,
526 3723 588 3772 sntis
607 3730 646 3772 est
666 3723 817 3789 perspicua3
836 3722 869 3772 iis
887 3729 972 3772 autem
991 3722 1037 3787 qui
1056 3721 1132 3771 huius
1147 3722 1269 3772 historiae
1285 3724 1385 3774 nullam
1399 3724 1573 3774 habentnoti·

443 3807 513 3874 tiam,
536 3825 622 3874 neque
641 3809 699 3859 aliis
718 3809 976 3874 interpretationibus
994 3824 1033 3858 res
1052 3808 1214 3876 explanatur,
1233 3811 1323 3874 quales
1343 3818 1404 3860 sunt
1423 3811 1574 3860 Semine-

443 3907 624 3944 maciinnmux
643 3896 688 3945 illa
704 3896 848 3962 (φιλόσοφοι
860 3917 886 3942 =
897 3894 1016 3944 Freunde
1035 3895 1081 3944 der
1096 3895 1294 3963 wissenschait)
1310 3903 1353 3945 aut
1370 3911 1408 3962 ea,
1424 3911 1501 3960 quam
1517 3897 1574 3962 ipse

443 3982 679 4031 W1unntuxuo1us
697 3982 803 4032 suadere
822 3981 924 4031 videtur
943 3979 1092 4047 (φιλοσοφία
1104 4005 1128 4025 =
1142 3982 1389 4032 wissenschaitliche
1407 3982 1541 4051 Bildung).

487 4067 594 4116 Deinde.
610 4067 688 4118 Extat
703 4084 765 4118 sane
782 4068 882 4133 aliquid
892 4067 1048 4118 discriminis
1058 4068 1126 4118 inter
1135 4067 1293 4118 Platonicam
1304 4084 1393 4119 vocem
1404 4073 1575 4134 ,φιλοσοφίαἿ

444 4161 468 4206 et
489 4161 602 4205 nostram
622 4154 833 4220 „Philosophie”.

488 4246 523 4293 At
541 4245 563 4294 si
583 4244 672 4294 talium
691 4245 867 4294 discriminum
886 4243 1025 4293 habebitur
1043 4245 1117 4306 ratio,
1137 4259 1270 4310 nunquam
1285 4243 1339 4294 sere
1354 4245 1404 4294 hoc
1419 4243 1574 4293 vocabulum

446 4331 564 4396 usurpari
583 4332 688 4396 poterit,
704 4331 806 4396 Nempe
825 4346 879 4379 non
895 4329 978 4380 solum
994 4345 1077 4394 paene
1093 4330 1177 4380 dicam
1192 4331 1371 4397 unusquisque
1381 4330 1475 4396 prioris
1484 4329 1575 4379 aetatis

444 4417 618 4482 philosophus
636 4417 712 4467 aliam
731 4433 760 4466 ac
780 4416 907 4466 diversam
926 4415 986 4465 huic
1005 4417 1064 4466 voci
1083 4417 1192 4466 subiecit
1211 4417 1353 4483 notionem
1372 4417 1418 4466 sed
1433 4431 1481 4466 nec
1496 4415 1574 4464 hodie

446 4505 477 4554 de
496 4503 566 4553 illius
585 4503 774 4568 significatione
793 4502 917 4552 convenit
935 4503 1002 4551 inter
1021 4504 1089 4552 viros
1107 4503 1206 4552 doctos.
1227 4503 1325 4554 Audias
1344 4504 1431 4569 ipsum
1446 4501 1575 4552 Wruoso-

444 4603 580 4656 utinmotu,
599 4590 701 4640 Prilud.
722 4591 793 4639 init:
815 4589 931 4653 „Namen
949 4588 1035 4638 haben
1055 4590 1110 4640 ihre
1130 4590 1285 4656 Geschicke,
1304 4591 1365 4641 aber
1381 4589 1464 4640 seiten
1479 4604 1576 4638 soson·

445 4661 561 4742 derbem,
580 4677 628 4726 wie
647 4676 693 4726 das
713 4677 787 4726 Wort
809 4674 1019 4742 „Philosophie”
1040 4677 1161 4726 Wenden
1180 4677 1226 4727 wir
1242 4693 1291 4726 uns
1303 4677 1351 4727 mit
1368 4675 1413 4725 der
1423 4677 1515 4742 Frage,
1524 4691 1576 4728 was
