3698 5574
934 656 1002 726 182

403 851 511 924 Haec
538 850 569 922 si
596 849 799 948 scripsisset
827 851 965 941 Pnnro,
994 848 1174 923 difficilius
1202 875 1292 924 sane
1320 850 1439 924 suerat
1462 849 1529 923 iro·

403 973 501 1046 niam
530 989 704 1048 statuere.
738 973 824 1046 Non
853 971 1008 1069 scripsit.

457 1096 544 1169 Non
573 1123 648 1194 quo
676 1096 830 1170 deorum
861 1094 922 1169 filii
950 1095 1033 1185 sint,
1058 1120 1133 1168 non
1157 1121 1233 1192 quo
1256 1120 1343 1169 suas
1365 1097 1529 1194 ipsorum

401 1245 460 1292 res
497 1218 633 1310 dicant,
670 1218 712 1293 iis
749 1217 976 1292 credendum
1012 1233 1080 1310 est,
1110 1218 1177 1292 sed
1206 1219 1308 1316 quod
1334 1220 1466 1293 ddunt
1491 1242 1531 1290 se

402 1342 556 1415 deorum
594 1340 687 1415 filios
725 1366 820 1432 esse,
858 1340 960 1437 quod
995 1340 1127 1414 dicunt
1161 1341 1208 1414 de
1245 1341 1320 1414 suis
1353 1341 1463 1416 rebus
1490 1364 1531 1413 se

401 1463 630 1538 renuntiare!

455 1581 632 1663 Ἀδύνατον
669 1592 746 1664 θεῶν
785 1591 892 1663 παισὶν
925 1584 1076 1676 άπιστεῖν,
1106 1592 1218 1689 καίπερ
1245 1580 1321 1664 άνευ
1348 1616 1380 1662 τε
1403 1585 1530 1662 εἰκότων

402 1713 458 1784 καὶ
487 1706 677 1811 ἀναγκαίων
706 1707 899 1800 άποδείξεων
928 1708 1084 1810 λέγουσιν.
1115 1707 1171 1782 Sit
1197 1707 1249 1781 ita
1270 1733 1379 1801 sane,
1404 1732 1532 1804 quam·

403 1854 516 1926 quam
553 1845 592 1902 et
620 1830 713 1904 haec
742 1829 897 1903 ironiam
925 1828 1105 1904 redolent.
1136 1831 1191 1904 At
1219 1829 1287 1904 illis
1315 1830 1449 1928 quibus
1475 1829 1534 1902 hic

402 1952 628 2026 credendum
669 1969 738 2046 est,
781 1954 935 2026 deorum
973 1951 1067 2026 filios
1105 1978 1188 2026 esse
1225 1953 1324 2027 unde
1361 1954 1534 2050 apparet?

403 2073 627 2172 Apparet
654 2102 710 2149 ex
737 2101 795 2149 eo
823 2074 957 2170 quod
985 2073 1082 2171 ipsi
1109 2074 1178 2148 ita
1205 2100 1317 2148 esse
1344 2073 1531 2148 dicunt!

456 2195 529 2270 Hic
551 2197 613 2295 qui
634 2213 813 2289 statuunt,
835 2196 1023 2294 scripsisse
1045 2197 1254 2270 chrouun
1275 2197 1372 2270 hanc
1391 2195 1536 2270 Timaei

401 2332 547 2415 partem
582 2320 797 2416 opinionum
833 2320 1036 2416 antiquitus
1064 2337 1300 2417 acceptarum
1329 2319 1537 2393 reverentia

403 2440 566 2533 ductum,
603 2443 736 2540 quibus
770 2442 1007 2540 opinionibus
1038 2442 1118 2541 ipse
1146 2442 1259 2516 fidem
1287 2443 1455 2533 haberet,
1484 2485 1535 2496 -

401 2563 460 2637 hic
480 2563 542 2660 qui
558 2563 738 2638 eiusmodi
754 2564 843 2663 quid
857 2581 1034 2656 statuunt,
1051 2565 1214 2666 inquam,
1228 2565 1394 2668 yideant,
1412 2589 1536 2638 nonne

403 2683 519 2757 multo
545 2683 674 2759 melius
698 2685 810 2759 fidem
834 2711 939 2759 suam
965 2687 1171 2783 exprimere
1195 2686 1376 2784 potuisset
1396 2687 1533 2760 Pmro.

403 2806 479 2901 Qui
519 2823 645 2881 autem
683 2807 880 2905 prudentia
915 2825 1059 2883 motum
1095 2809 1189 2883 haec
1226 2809 1414 2906 scripsisse
1450 2834 1535 2883 eum

403 2946 566 3022 censent,
592 2955 638 3004 ne
662 2930 762 3004 urbis
784 2929 877 3004 deos
901 2955 975 3004 non
1000 2947 1131 3026 putare
1155 2930 1346 3022 diceretur,
1371 2931 1534 3024 videant,

404 3077 529 3126 nonne
565 3052 634 3126 hac
671 3051 815 3127 ratione
843 3051 891 3126 de
920 3052 989 3126 diis
1016 3052 1232 3151 vulgaribus
1260 3077 1390 3151 agenS,
1419 3053 1536 3128 multo

404 3175 523 3249 maius
550 3175 753 3273 periculum
780 3175 849 3249 sibi
878 3192 1038 3273 pararet.

461 3295 508 3391 3⁰.
540 3297 616 3371 Sed
642 3297 778 3372 reserre
801 3299 873 3372 hoc
896 3297 979 3372 loco
1003 3299 1211 3371 Pcnsonsn
1236 3324 1334 3395 quae
1358 3298 1437 3396 ipse
1462 3323 1535 3372 non

404 3418 600 3493 crediderit
646 3436 711 3494 aut
756 3419 888 3494 saltem
937 3421 1153 3518 neglexerit,
1203 3420 1240 3494 id
1282 3421 1363 3495 luce
1404 3419 1537 3495 clarius

404 3542 678 3617 demonstratur
705 3542 758 3635 iis,
788 3568 886 3640 quae
915 3542 995 3617 aliis
1022 3542 1113 3617 locis
1140 3542 1242 3620 dixit.
1273 3543 1329 3618 Cf.
1359 3541 1537 3640 imprimis

405 3664 577 3762 Epinom.
604 3669 680 3759 984
696 3667 732 3738 D
757 3662 902 3763 sqq.:¹)
927 3662 1029 3756 Θεοὺς
1050 3664 1110 3768 μὲν
1137 3667 1195 3758 δή,
1219 3673 1280 3744 Δία
1302 3699 1334 3744 τε
1358 3668 1414 3744 καὶ
1429 3660 1536 3768 Ἠραν

405 3789 462 3864 καὶ
499 3783 573 3878 τοὺς
610 3783 732 3878 ἄλλους
763 3785 900 3878 πάντας,
931 3786 992 3894 ἕπῃ
1020 3818 1068 3878 τις
1096 3789 1206 3878 ε’θέλει,
1233 3783 1336 3896 ταύτῃ
1366 3783 1453 3864 κατά
1481 3787 1535 3864 τὸν

405 3906 501 3986 αύτθν
536 3911 666 3987 τιθέσθω
702 3908 802 4012 νόμον
840 3912 896 3986 καὶ
929 3907 1045 4011 πάγιον
1073 3909 1172 4013 ἐχέτω
1199 3917 1309 3986 τοῦτον
1336 3909 1390 3986 τὸν
1419 3909 1534 4011 λόγου·

405 4028 494 4122 θεοὺς
529 4029 565 4108 δὲ
602 4029 645 4116 δὴ
682 4028 756 4122 τοὺς
783 4025 929 4134 ὁρατούς,
958 4035 1127 4133 μεγίστους
1158 4034 1217 4108 καιΙ
1240 4027 1450 4133 τιμιωτάτους
1479 4034 1535 4109 καὶ

405 4147 560 4244 ὀξύτατον
600 4159 741 4258 ὁρῶντας
776 4149 893 4242 πάντη,
930 4151 1006 4242 τοὺς
1041 4151 1182 4256 πρώτους
1219 4150 1279 4238 τὴν
1314 4167 1377 4229 των
1411 4146 1535 4257 άστρων

405 4271 496 4380 φύσιν
531 4277 656 4353 λεκτέον
685 4278 741 4352 καὶ
771 4274 834 4353 ὅσα
860 4269 943 4378 μετά
970 4271 1089 4351 τούτων
1120 4275 1340 4378 αἰσθανόμεθα
1366 4274 1535 4377 γεγουθτα,

405 4393 487 4503 μετὰ
516 4396 551 4476 δὲ
578 4392 708 4489 τούτους
736 4400 796 4474 καὶΙ
821 4397 880 4474 ὑπὸ
908 4392 1029 4488 τούτοις
1058 4402 1133 4488 ἑξῆς
1161 4399 1336 4500 δαίμονας,
1368 4396 1471 4501 οἷέριον
1500 4396 1535 4475 δὲ

406 4598 599 4610 -.-ι--

454 4706 480 4775 1)
499 4707 569 4770 Quid
590 4707 623 4757 de
641 4705 799 4772 Epinomide
818 4704 949 4769 sentirem,
968 4719 1046 4768 supra
1064 4703 1183 4768 exposui,
1201 4701 1234 4752 cl.
1252 4717 1312 4768 pug.
1334 4699 1384 4751 108
1402 4700 1462 4751 adn.
1481 4712 1505 4764 3.
