3724 5576
856 671 903 740 39

370 843 521 918 Deinde
548 869 639 918 vero
668 845 761 918 haec
790 845 973 919 tenenda:

371 962 420 1039 2⁰.
452 965 505 1040 Ut
542 991 589 1040 ne
625 967 834 1042 reiiciantur
870 992 929 1060 ea,
959 993 1058 1065 quae
1086 968 1224 1042 tradita
1251 983 1348 1060 sunt,
1378 968 1444 1041 nisi

313 1086 408 1162 falsa
435 1115 517 1164 esse
546 1088 703 1163 dilucide
731 1090 779 1164 sit
805 1090 1113 1166 demonstratum.
1124 1088 1151 1188 ¹)

370 1207 416 1305 3⁰.
448 1211 501 1287 Ut
524 1210 801 1310 proficiscamur
815 1213 864 1286 ab
879 1214 922 1287 iis
935 1212 1037 1305 locis,
1053 1214 1115 1287 ubi
1130 1213 1242 1311 ipsius
1257 1213 1446 1285 Pmoun

312 1335 449 1432 exponi
465 1335 679 1432 opinionem
694 1333 806 1433 plane
821 1351 979 1428 constet,
996 1351 1034 1410 et
1049 1335 1194 1411 nonnisi
1209 1334 1265 1409 his
1279 1335 1446 1409 tractatis

313 1457 362 1530 ad
389 1457 501 1531 dubia
530 1458 734 1532 veniamus.

364 1575 412 1671 4⁰.
448 1579 542 1654 Item
572 1595 612 1653 ut
640 1579 916 1678 proficiscamur
943 1581 993 1653 ab
1020 1580 1062 1652 iis
1089 1578 1191 1672 lociS,
1221 1580 1353 1679 quibus
1376 1579 1444 1652 iro·

316 1700 414 1774 niam
454 1717 521 1775 aut
562 1701 682 1776 inesse
726 1718 791 1776 aut
832 1726 906 1776 non
949 1701 1070 1776 inesse
1117 1703 1235 1800 probe
1271 1702 1441 1776 sciamus.

368 1820 415 1918 5⁰.
446 1822 500 1898 Ut
528 1849 575 1898 ne
604 1850 650 1898 ex
678 1822 831 1922 singulis
858 1824 1012 1898 vocibus
1039 1822 1262 1921 philosophi,
1291 1823 1440 1897 minime

312 1970 403 2019 vero
441 1945 582 2038 Pmro,
620 1961 845 2044 spectentur,
881 1947 948 2020 sed
976 1971 1023 2020 ex
1050 1947 1298 2045 perpetuitate
1326 1960 1441 2043 atque

311 2068 529 2142 constantia.

366 2187 413 2266 6⁰.
446 2190 500 2265 Ut
536 2217 583 2266 ne
619 2192 845 2266 recentiores
873 2192 1044 2267 notiones
1071 2206 1240 2266 veterum
1268 2189 1443 2264 doctrinis

313 2313 559 2388 subiiciantur.

370 2432 417 2530 7⁰.
447 2436 621 2535 Denique
655 2454 696 2512 ut
718 2463 767 2512 ne
790 2453 931 2512 temere
954 2438 1163 2511 Pensonuu
1186 2463 1234 2511 ex
1252 2433 1443 2533 superiori-

312 2559 382 2632 bus
418 2559 586 2634 hausisse
621 2575 686 2634 aut
720 2560 832 2634 etiam
870 2560 918 2634 de
948 2559 1197 2658 superioribus
1225 2558 1347 2632 dicere
1370 2572 1441 2631 sta-

312 2695 446 2756 tuatur.

368 2803 409 2876 ln
438 2819 520 2878 tota
549 2805 768 2902 quaestione
795 2821 921 2880 autem
945 2805 1104 2903 primum
1129 2803 1327 2903 quaeritur,
1353 2801 1441 2900 quid

311 2952 358 3001 ex
372 2927 603 3025 superiorum
617 2926 923 3026 philosophorum
939 2928 1112 3026 operibus
1126 2925 1254 3002 laudet
1263 2926 1391 3000 Ponto
1401 2940 1440 2998 et

310 3049 398 3148 quid
430 3050 478 3124 de
506 3050 563 3122 his
594 3051 745 3144 iudicet,
774 3052 909 3125 deinde
936 3051 1107 3125 iudicium
1136 3051 1207 3125 hoc
1234 3047 1439 3123 accuratius

311 3187 368 3245 est
390 3170 649 3270 explicandum
672 3189 711 3247 et
733 3198 779 3248 ex
803 3173 954 3248 historia
977 3172 1253 3264 illustrandum,
1278 3171 1439 3266 denique

314 3292 401 3389 quid
451 3293 500 3367 de
549 3294 681 3369 iudicio
723 3294 888 3370 Platonis
929 3319 1157 3387 censeamus,
1200 3291 1441 3367 statuendum

312 3429 380 3488 est.
420 3412 485 3488 Ad
521 3415 593 3490 hoc
628 3432 754 3492 tamen
792 3442 944 3510 moneo,
982 3432 1128 3491 tantum
1164 3415 1194 3488 si
1222 3416 1350 3488 PLnTo
1377 3431 1442 3488 aut

359 3659 444 3728 1)Cs.
469 3661 613 3728 Wotnzu,
637 3660 690 3711 o.l.
713 3677 774 3727 pag.
803 3673 849 3710 to:
878 3661 1082 3727 „grondslag
1110 3660 1167 3711 der
1194 3659 1323 3710 kritiek
1350 3659 1378 3710 is
1403 3661 1441 3711 de

310 3747 635 3798 betrouwbsarheid
652 3747 707 3796 der
725 3745 990 3812 overlevering.”

357 3849 416 3899 pag.
436 3842 483 3899 25:
505 3835 579 3898 ,Van
598 3833 766 3900 opzetteiijke
785 3833 966 3900 vervnlsching
984 3849 1017 3883 en
1036 3834 1136 3900 bedrog
1151 3833 1189 3884 als
1204 3833 1313 3883 oonsak
1327 3833 1373 3883 der
1387 3849 1442 3884 ver·

262 3923 278 3940 '
313 3920 456 3972 schillende
475 3920 595 3987 lezingen
613 3920 641 3970 in
659 3919 854 3971 handschriften
873 3937 923 3970 van
942 3919 1071 3970 hetzelfde
1086 3920 1157 3970 werk
1172 3935 1231 3985 mag
1246 3919 1294 3970 dus
1303 3920 1336 3969 de
1345 3918 1441 3970 kritiek

313 4007 369 4056 niet
390 4007 429 4057 als
451 4007 640 4072 onderstelling
662 4007 783 4074 uitgocn5
807 4007 839 4057 de
858 4006 929 4073 regel
948 4007 979 4073 is,
997 4007 1042 4056 dat
1061 4006 1093 4056 de
1112 4006 1280 4071 sswijkingen
1299 4023 1332 4056 en
1349 4006 1440 4056 fouten

312 4093 377 4144 door
394 4095 546 4144 onbewuste
564 4093 705 4159 asdwaling
723 4109 773 4144 ran
792 4109 844 4159 oog
863 4109 896 4144 en
914 4109 961 4143 oor
978 4093 1029 4158 zijn
1048 4092 1195 4143 ontstnn.”

320 4179 324 4189 '
355 4196 415 4246 pag.
434 4192 483 4244 30:
503 4180 565 4244 „dat
581 4179 680 4231 het...
696 4179 729 4230 de
746 4179 830 4246 plicht
846 4196 897 4230 van
913 4180 965 4231 den
978 4179 1114 4246 philoloog
1123 4180 1146 4229 is
1155 4195 1198 4229 om
1207 4179 1263 4230 rich
1273 4189 1340 4230 eerst
1350 4179 1442 4244 geheel

313 4283 362 4317 suu
382 4267 415 4317 de
433 4267 612 4332 overlevcring
630 4283 693 4316 over
710 4274 736 4317 te
754 4283 848 4334 geren,
864 4283 898 4318 en
917 4267 984 4316 door
1001 4267 1043 4316 die
1060 4281 1187 4332 overgave
1202 4266 1265 4316 haar
1281 4273 1306 4315 te
1315 4271 1444 4332 verstann,

315 4359 354 4403 tot
379 4353 442 4402 haar
466 4351 624 4418 eigenlijken
648 4353 690 4403 zin
715 4369 748 4403 en
767 4353 909 4418 bedoeling
926 4353 990 4403 door
1009 4360 1035 4402 te
1052 4351 1173 4418 driugeu,
1191 4351 1234 4401 dat
1255 4351 1300 4400 het
1318 4352 1377 4401 hem
1395 4351 1445 4400 dus

316 4439 372 4490 niet
396 4447 454 4505 past
479 4455 528 4489 ann
547 4440 613 4504 zijne
632 4439 790 4505 subjectieve
809 4441 948 4506 opvstting
967 4440 1019 4490 den
1037 4439 1125 4504 teugel
1144 4446 1169 4488 te
1187 4438 1291 4504 viereu3
1310 4453 1358 4487 san
1377 4437 1444 4502 zijne

317 4526 546 4591 vindingrijkheid
571 4541 604 4576 en
629 4527 732 4577 vernuit
755 4527 801 4592 vrij
827 4526 886 4592 spel
909 4535 935 4576 te
952 4526 1033 4592 laten,
1050 4541 1119 4576 mear
1138 4525 1193 4574 dat
1210 4525 1252 4589 hij
1272 4523 1384 4574 alleen
1404 4539 1445 4588 op

313 4628 393 4663 zeer
418 4619 529 4679 vaste,
552 4613 582 4678 ja
600 4614 813 4665 onwrikbare
831 4613 982 4679 gronden
1003 4628 1064 4663 van
1082 4612 1163 4662 hear
1180 4627 1249 4676 mag
1267 4611 1448 4676 nfwijken.”

327 4700 444 4751 Omnino
463 4700 525 4752 anis
543 4701 656 4767 criticae,
675 4715 738 4766 quas
757 4716 851 4766 sequor
869 4701 991 4767 rationes,
1007 4699 1057 4750 hoc
1076 4715 1155 4766 opere
1172 4698 1346 4751 continentur.
