3724 5576
857 668 903 744 ²7

311 859 349 918 et
375 846 471 920 hanc
499 846 651 920 obrem
676 847 738 944 qui
761 847 811 921 ad
836 873 903 923 nos
917 849 1088 922 venerint
1110 845 1250 947 dialogi
1263 850 1445 924 exoterici

309 967 370 1065 qui
398 967 568 1042 dicuntur
594 985 720 1043 essent
747 972 916 1066 putandi.
929 967 957 1068 ¹)

366 1089 474 1163 Haec
501 1091 531 1164 si
558 1115 648 1165 vera
676 1107 813 1182 essent,
841 1117 972 1166 verum
1002 1091 1166 1166 Platonis
1189 1093 1237 1168 de
1260 1093 1443 1191 prioribus

311 1208 542 1310 philosophis
569 1212 740 1286 iudicium
769 1239 815 1287 ex
839 1213 1012 1310 operibus
1036 1215 1136 1288 hisce
1158 1215 1341 1290 enucleari
1366 1241 1441 1289 non

312 1348 448 1430 posset.
467 1332 650 1408 Attamen
665 1350 751 1432 post
765 1335 1170 1412 Scnrrrarmcrrrruu
1180 1362 1310 1411 omnes
1320 1362 1443 1435 paene

312 1455 376 1528 viri
413 1454 513 1530 docti
551 1454 664 1532 talem
695 1459 908 1555 opinionem
938 1461 1070 1535 merito
1097 1461 1312 1535 reiecerunt.
1324 1455 1352 1557 ⁹)
1381 1459 1440 1550 lis,

311 1602 407 1675 quae
431 1603 496 1651 cur
518 1576 612 1652 falsa
635 1579 818 1654 habeatur
838 1581 947 1656 affert
960 1581 1120 1674 zerim,
1131 1579 1158 1681 ³)
1173 1583 1311 1657 addam
1326 1582 1441 1656 haec:

370 1695 412 1774 1⁰.
444 1701 529 1799 lpse
558 1701 685 1775 Panto
712 1703 930 1801 saepissime
954 1702 1109 1779 ludibrio
1134 1705 1249 1779 habet
1266 1729 1442 1779 arcanam

311 1817 411 1895 illam
434 1837 474 1896 et
496 1839 679 1899 secretam
699 1823 856 1900 aliorum
878 1869 930 1882 -—
950 1828 1200 1925 sophistarum
1215 1827 1376 1900 maxime
1391 1870 1442 1882 —

311 1944 523 2042 disputandi
537 1948 855 2041 consuetudinem,
872 1950 933 2049 qui
949 1951 1093 2024 nonnisi
1105 1950 1277 2024 mercede
1287 1965 1443 2047 accepta

311 2065 500 2158 docerent,
528 2085 568 2144 et
595 2070 738 2144 maiora
766 2071 918 2169 quidem
952 2073 1093 2146 maiore
1121 2073 1288 2170 pecunia.
1320 2071 1442 2170 Argu-

312 2205 439 2264 mento
466 2205 552 2264 sunt
580 2191 691 2266 haec:

366 2311 524 2387 Theaet.
569 2335 638 2408 152
658 2314 710 2388 C:
747 2311 812 2421 'Ap'
841 2301 899 2394 oio
931 2317 1007 2422 πρὸς
1034 2323 1181 2422 Χαρίτων
1208 2315 1369 2420 πασσοφός
1396 2348 1444 2409 τις

313 2425 352 2520 ἦν
380 2441 399 2512 o‘
425 2435 657 2540 ilpunc-pipat,
695 2443 752 2516 καὶ
788 2445 879 2515 τοῦτο
907 2443 987 2541 ἡμῖν
1015 2437 1074 2541 μὲν
1102 2440 1236 2542 pariata
1261 2453 1306 2546 τῷ
1333 2444 1442 2542 πολλῷ

313 2571 465 2660 συρφετῷ,
486 2567 552 2651 τοῖς
575 2557 612 2636 δὲ
634 2565 799 2662 μαθηταῖς
822 2561 854 2636 ἐν
877 2559 1045 2666 ἀπορρήτῳ
1068 2561 1127 2648 τὴν
1151 2561 1308 2647 ἀλήθειαν
1322 2558 1442 2666 ἕλεγενς

315 2677 400 2752 Hoc
428 2677 511 2752 loco
539 2680 577 2753 id
605 2680 725 2778 ipsum
753 2681 934 2774 irridetur,
963 2683 1066 2779 quod
1094 2682 1290 2758 Platonem
1314 2685 1444 2758 fecisse

314 2815 447 2896 putant
474 2799 522 2874 illi
551 2803 618 2876 viri
646 2803 756 2896 docti,
787 2804 934 2901 quicum
959 2831 1017 2879 rcs
1040 2805 1128 2880 mihi
1151 2823 1210 2880 est
1223 2807 1294 2882 hoc
1307 2806 1403 2880 loeo.
1416 2805 1443 2904 ⁴)

310 3063 372 3130 licb,
397 3063 474 3114 theils
493 3079 537 3114 um
556 3063 612 3115 sicb
631 3063 745 3114 dadurcb
764 3064 871 3130 wichtig
890 3080 920 3114 zu
939 3063 1059 3132 macheu,
1077 3065 1155 3116 theils
1175 3082 1220 3116 aus
1239 3065 1371 3132 Vorsicht‚
1390 3067 1443 3118 den

311 3151 487 3216 eigentlichen
512 3151 577 3202 Sinn
603 3151 658 3202 und
682 3152 907 3217 Zusammenhang
932 3153 1018 3203 seiner
1041 3153 1126 3204 Lebre
1151 3153 1178 3202 in
1204 3153 1294 3204 seinen
1314 3152 1444 3205 Schriften

309 3239 462 3304 verborgen,
480 3239 535 3288 und
553 3237 599 3288 ibn
615 3254 663 3288 nur
678 3239 715 3288 im
730 3238 868 3304 gebennen
884 3246 1059 3289 vertrauteren
1070 3239 1196 3290 Schitlern
1206 3239 1445 3306 ausgeschlossen.”

357 3323 383 3392 ι)
403 3324 443 3374 Ci.
463 3339 485 3374 e.
495 3341 521 3389 g.
537 3325 704 3390 Uestinum,
720 3323 964 3391 Untersuchungen‚
980 3341 1040 3390 pag.
1057 3323 1088 3376 8:
1100 3361 1106 3374 .
1117 3361 1124 3374 .
1135 3361 1141 3376 .
1153 3326 1257 3390 „sosern
1266 3326 1445 3377 Tuuuuuauu

311 3409 354 3459 die
377 3409 556 3460 stimmtlichen
581 3411 733 3462 erhalteneu
759 3410 888 3462 Schriften
913 3410 1029 3462 ΡιΛτοέ
1052 3411 1093 3462 fur
1112 3413 1258 3462 exoterisch
1278 3413 1332 3463 und
1352 3418 1446 3480 propi·

303 3497 421 3548 dentisch
439 3498 503 3548 halt.
514 3535 520 3548 .
531 3533 538 3548 .
550 3496 574 3548 .”

357 3585 385 3652 2)
402 3587 521 3652 Zenona,
538 3584 589 3636 1.1.:
607 3585 750 3650 „Indessen
766 3585 854 3636 warde
869 3584 941 3636 diese
951 3584 1120 3650 Vorstellnng
1131 3587 1180 3636 seit
1191 3586 1445 3637 Scutmnauncttstt

312 3671 359 3722 mit
377 3671 462 3722 Recht
480 3671 530 3722 fast
547 3672 686 3738 allgemein
704 3669 863 3722 verlassen.”
883 3671 950 3722 Vide
969 3671 1068 3722 ibidem
1086 3673 1277 3725 annotationes.

358 3759 441 3825 ³)1·¹·
461 3775 539 3826 nata·
557 3757 708 3823 484-487·

356 3846 386 3914 4)
404 3847 522 3897 Annotat
540 3847 686 3897 Wouuaas
700 3847 728 3895 in
741 3845 877 3896 Theaeteti
886 3845 1001 3896 editione
1011 3845 1093 3897 altera
1101 3844 1229 3912 (Lipsiae,
1238 3847 1341 3898 Teubn.
1355 3846 1443 3916 1891):

313 3927 459 3992 ,πάσσοφος
476 3932 503 3983 h.
516 3932 534 3982 1.
552 3933 704 3998 Protagoras
724 3930 818 3982 dicitur
837 3939 944 3997 propter
962 3932 1141 4000 calliditatem,
1160 3949 1212 3999 qua
1231 3949 1289 3984 cum
1308 3934 1445 4000 discipulis

312 4033 405 4070 arcana
429 4017 526 4084 placita
550 4034 596 4069 sua
618 4016 828 4083 communicavit,
846 4017 1008 4068 multitudini
1026 4026 1113 4070 autem
1130 4020 1281 4070 occultavit.
1300 4021 1444 4070 Publice

313 4105 399 4154 enim
422 4104 547 4155 docens
571 4105 611 4155 ad
635 4103 810 4168 vulgarem
834 4119 967 4154 sensum
992 4121 1252 4171 sermonemque
1271 4121 1305 4156 se
1323 4121 1446 4157 accom-

312 4193 448 4243 modans
474 4191 628 4260 (exsistendi
654 4193 763 4242 verbum
786 4190 913 4259 retinuit),
938 4193 1099 4258 privatim
1124 4191 1316 4260 (exsistentiam
1339 4209 1445 4259 prorsus

313 4278 428 4345 sustulit)
430 4314 522 4330 ......

351 4363 460 4430 ᾐνίξατο.
483 4367 636 4432 Protagoras
661 4366 786 4432 perplexa
809 4364 927 4416 oratione
950 4366 1053 4417 videtur
1077 4381 1139 4417 usus
1161 4382 1218 4418 esse
1244 4367 1375 4434 plenaque
1395 4368 1442 4417 ob·

312 4455 450 4505 scuritatis.
470 4453 510 4504 Cf.
530 4454 562 4504 ad
582 4470 609 4520 p.
630 4467 680 4518 194
691 4454 721 4504 C.

351 4539 405 4597 wit
428 4536 456 4587 ll
478 4535 611 4599 imbuit.
640 4543 675 4594 Ut
702 4541 811 4592 aliorum
836 4541 1063 4608 pbilosophorum,
1086 4540 1123 4591 ita
1148 4542 1303 4608 Protagorae
1327 4540 1446 4592 doctrina

313 4630 420 4680 interior
438 4629 576 4696 discipulis
595 4628 690 4680 tradita
704 4629 867 4679 sermonibus
881 4635 981 4678 secreto
990 4627 1087 4678 habitis
1097 4627 1266 4697 distinguitur
1275 4628 1309 4678 ab
1318 4628 1446 4680 exteriore

315 4721 341 4771 et
359 4707 568 4788 populari....³’
589 4714 656 4770 Vide
675 4723 760 4768 tanen
779 4731 846 4786 quae
865 4715 1004 4768 adduntur.
