3724 5576
1015 691 1061 763 52

470 865 758 966 philosophorum
784 869 906 942 luerint
933 867 1129 967 laniiliae¹):
1159 870 1288 945 etenim
1316 869 1388 943 fieri
1410 884 1541 967 potest,
1565 885 1603 944 ut

471 991 528 1087 qui
562 992 595 1063 in
630 992 827 1066 universum
858 991 981 1066 fuerint
1007 993 1160 1067 maxime
1185 994 1348 1093 insigma
1375 993 1409 1065 in
1436 992 1603 1090 operibus

470 1113 649 1188 Pennoms
675 1115 732 1188 vix
758 1113 816 1188 vel
842 1114 983 1190 onmino
1005 1140 1076 1189 non
1098 1133 1290 1206 occurrant,
1313 1131 1351 1190 ut
1365 1115 1598 1189 Democritus.

427 1245 436 1266 '
522 1237 685 1335 Denique
711 1238 818 1311 etiam
845 1237 1045 1310 Hnuunnur
1070 1239 1171 1330 ratio,
1201 1239 1362 1338 quamvis
1388 1254 1474 1335 apta
1495 1237 1602 1334 ipsius

467 1360 578 1456 operi,
615 1359 711 1457 quod
742 1360 907 1457 imprimis
933 1360 979 1434 de
1006 1362 1186 1435 Pnnroms
1212 1361 1456 1461 philosophiae
1478 1361 1605 1460 gemsi

467 1505 578 1581 agere
609 1481 768 1573 diximus,
796 1482 938 1558 alierior
963 1500 1019 1558 est
1045 1485 1093 1558 ab
1121 1485 1159 1558 iis
1187 1511 1278 1582 quae
1305 1485 1387 1559 mihi
1414 1500 1494 1558 sunt
1519 1510 1598 1581 pro-

466 1604 591 1702 posita.
617 1603 753 1678 Scilicet
775 1605 830 1695 is,
855 1606 987 1704 quippe
1010 1606 1137 1705 quide
1159 1608 1339 1682 Pnnnotus
1355 1606 1599 1706 philosophiae

465 1727 605 1826 mittite
630 1728 734 1817 dicat,
762 1728 834 1801 iure
860 1754 925 1802 suo
948 1755 1011 1803 eos
1034 1731 1186 1804 maxime
1208 1730 1411 1806 tractandos
1432 1730 1497 1804 sibi
1518 1756 1598 1805 esse

466 1865 596 1938 censet,
634 1850 691 1946 qui
725 1847 1042 1947 inptdosoptztzm
1069 1853 1160 1926 hanc
1188 1851 1315 1951 aliquid
1343 1853 1512 1928 momenti
1537 1855 1597 1928 ha-

466 1972 610 2045 buerint.
623 1974 647 2068 ²)
671 1972 782 2045 Mihi
804 1998 902 2064 vero,
926 1973 972 2047 de
992 1974 1118 2048 zicddzb
1137 1975 1317 2073 scripturo,
1341 1974 1440 2072 quod
1462 1975 1597 2074 inope-

463 2093 558 2167 ribus
580 2094 648 2167 suis
671 2095 716 2167 de
739 2094 1025 2169 antecedentibus
1038 2095 1254 2196 philosophis
1266 2097 1341 2172 tulit
1354 2099 1488 2188 ΡιΑΤο,
1503 2099 1596 2189 mihi,

463 2216 616 2313 inquam,
639 2216 930 2313 proficiscendun
952 2235 1051 2293 esta
1074 2221 1253 2293 Pmroms
1274 2221 1427 2318 scriptis,
1450 2246 1473 2294 a
1478 2221 1593 2317 philo-

462 2337 587 2435 sophia
613 2338 686 2413 eius
713 2366 782 2412 non
804 2339 1104 2437 proficiscendum,
1126 2342 1222 2440 quod
1244 2342 1338 2416 idem
1351 2343 1465 2440 primo
1479 2345 1593 2440 capite

462 2460 532 2535 iam
555 2461 709 2534 indicavi.
736 2460 873 2554 Quodsi
895 2463 943 2537 ita
965 2479 1030 2554 est,
1053 2464 1265 2538 censendum
1288 2464 1435 2556 videtur,
1452 2466 1593 2541 omnino

463 2583 606 2680 quinam
628 2581 826 2681 philosophi
847 2585 1070 2680 pertinuerint
1089 2585 1307 2685 aliquantum
1329 2588 1591 2680 inPLAnounu

460 2705 628 2805 ignorari3
664 2706 732 2779 hoc
768 2705 870 2804 igitur
905 2707 999 2804 prius
1034 2725 1130 2782 esset
1161 2708 1444 2800 examinandum,
1472 2711 1500 2783 si
1527 2736 1592 2785 nos

460 2826 660 2898 Hanunum
682 2851 909 2924 sequeremur
924 2829 1106 2903 rationem.
1123 2831 1314 2904 Praeterea
1326 2831 1375 2904 ita
1388 2856 1513 2906 omnes
1527 2858 1591 2906 eos

459 2947 746 3049 neglegemus,
784 2976 887 3048 quos,
925 2952 990 3024 etsi
1024 2953 1124 3049 parvi
1160 2970 1222 3027 aut
1257 2951 1378 3028 nullius
1414 2954 1512 3052 quod
1544 2954 1591 3028 ad

460 3099 651 3111 ——..—-·

506 3178 532 3247 ι)
550 3179 594 3228 o.l.
613 3194 672 3244 pag.
689 3179 733 3242 46.

505 3265 694 3331 2)Hsuunun
722 3265 775 3315 o.l.
803 3281 863 3331 pag.
893 3277 956 3330 145:
987 3267 1069 3331 „Ani
1094 3267 1189 3318 diese
1216 3269 1289 3319 vier
1314 3271 1589 3336 Hauptbestand-

459 3352 566 3402 theile
594 3350 653 3401 der
679 3352 924 3417 platonischen
953 3354 1179 3419 Philosophie
1208 3354 1264 3421 [das
1292 3357 1430 3407 eleatische
1457 3359 1522 3408 Eins
1550 3359 1588 3408 als

458 3437 563 3503 Princip
587 3439 633 3487 der
658 3439 745 3504 Form‚
768 3437 815 3487 dns
839 3439 920 3504 ewige
946 3440 1049 3490 werden
1076 3441 1217 3491 Heraklit's
1241 3443 1278 3491 als
1303 3443 1407 3510 Prin'cip
1432 3445 1477 3494 des
1503 3445 1588 3510 Stoffs,

457 3526 503 3576 der
527 3525 674 3574 schaffende
700 3525 773 3574 Geist
792 3525 838 3575 des
858 3527 1025 3591 Anaxagoras
1044 3525 1082 3576 als
1100 3529 1203 3578 oberste
1223 3529 1344 3596 Ursache,
1363 3531 1417 3580 und
1434 3531 1477 3580 die
1496 3533 1588 3597 pytha-

457 3613 591 3678 goreische
610 3611 752 3660 Harmonie
771 3611 809 3660 als
828 3613 920 3663 Zweck
939 3611 1004 3663 aller
1018 3613 1180 3680 Therigkeit]
1200 3616 1332 3665 werden
1350 3618 1409 3666 wir
1427 3618 1586 3668 desshnlb

455 3701 521 3750 ench
555 3700 582 3749 in
617 3697 662 3747 der
686 3697 748 3762 jetzt
777 3699 900 3749 zundchst
927 3698 1069 3766 folgenden
1098 3701 1269 3752 historischen
1298 3703 1586 3770 Auseinandersetzung

456 3801 574 3838 unsere
596 3785 906 3836 nufmerksamkeit
924 3788 1173 3838 insbesondere
1190 3788 1354 3857 richten;”
1371 3806 1587 3857 quamquemnec

455 3891 509 3941 eos²
530 3889 596 3939 quos
619 3871 726 3921 nomine
751 3881 922 3922 commemoret
947 3873 1030 3940 Plato,
1054 3891 1159 3939 prorsus
1184 3891 1212 3925 se
1237 3876 1415 3942 neglecturum
1434 3893 1490 3928 esse
1510 3876 1587 3926 dicit:

458 3961 541 4026 „ohne
561 3958 656 4023 jedoch
680 3959 745 4008 auch
768 3959 863 4008 andere
884 3961 1070 4025 Zeitgenossen
1087 3961 1317 4029 nuszuschliessen,
1335 3964 1437 4013 deren
1456 3964 1587 4014 entweder

455 4051 547 4099 PLATO
571 4044 781 4095 nnmentlich
805 4045 969 4113 gedenltt,
988 4047 1050 4097 oder
1067 4047 1111 4097 die
1130 4048 1170 4097 fdr
1189 4049 1231 4098 die
1250 4049 1452 4116 Entwiclrelung
1470 4051 1586 4116 philoso-

454 4134 577 4202 phischer
594 4131 705 4196 Begriffe
724 4130 778 4180 und
797 4131 935 4196 Ausgaben
951 4134 977 4182 in
994 4134 1040 4183 der
1056 4134 1174 4185 lrfiheren
1191 4136 1246 4185 Zeit
1256 4152 1307 4186 von
1319 4136 1584 4202 Wichtigkeitsind.”

500 4221 540 4270 Cs.
566 4226 698 4285 praeterea
724 4233 754 4267 ea
778 4233 845 4282 quae
868 4227 1011 4285 sequuntur
1029 4221 1108 4287 (111):
1130 4221 1256 4285 „Ueber
1274 4223 1327 4273 die
1345 4223 1497 4274 ttltesten
1517 4224 1585 4274 Stu-

454 4309 509 4359 fen
538 4307 650 4356 dieser
676 4303 941 4370 Entwickelung
968 4306 1140 4356 brauchen
1168 4308 1226 4356 wir
1250 4307 1389 4360 sreilich
1414 4311 1510 4361 nicht
1529 4309 1585 4360 in's

454 4395 616 4445 Einzelne
651 4390 879 4456 einzngehen‚
906 4392 945 4442 da
972 4394 1072 4459 PLATO,
1100 4411 1140 4443 wo
1166 4409 1195 4443 er
1221 4395 1287 4444 euch
1315 4397 1361 4447 auf
1385 4398 1427 4448 die
1454 4398 1584 4448 kosmolo·

453 4481 558 4546 gischen
570 4479 624 4530 und
634 4476 864 4544 physiologisehen
874 4478 1035 4544 Meinungen
1045 4480 1091 4529 der
1100 4479 1220 4530 fritheren
1230 4482 1406 4549 Philosophen
1417 4501 1447 4534 zu
1457 4484 1584 4551 sprechen

343 4557 345 4560 ⁵
452 4569 560 4634 kommt,
585 4583 614 4616 so
638 4563 871 4632 geringschtitzend
894 4566 948 4614 und
972 4567 1144 4632 wegwerfend
1169 4568 1262 4618 damus
1276 4569 1491 4638 hernnterblickt,
1508 4572 1584 4621 dass

452 4671 520 4705 mnn
542 4653 732 4704 denselben
755 4651 954 4718 garkeinen
970 4652 1291 4706 directenEinsluss
1307 4658 1430 4708 aufdie
1446 4664 1583 4723 spatere

452 4740 654 4804 Gestnltung
674 4739 789 4787 seines
808 4736 954 4802 Systems
973 4740 1161 4790 belmessen
1181 4741 1292 4791 kann.'’
