3724 5576
844 707 888 778 ¹5

292 875 464 950 sententia
501 877 637 952 fuerunt
672 881 1032 976 prae-Socraticorum
1067 879 1196 978 placita
1232 897 1312 955 sunt
1347 906 1430 982 cog·
1489 973 1491 978 ,

291 998 481 1072 noscenda.
508 999 558 1074 Ut
579 1001 759 1076 Pnnronns
783 1003 890 1078 oculis
915 1005 1111 1078 intueamur
1128 1002 1263 1077 illorum
1277 1003 1428 1100 philoso-

292 1119 423 1214 phiam,
451 1122 641 1219 praecipue
668 1141 723 1198 est
748 1127 984 1222 propositum,
1009 1125 1146 1215 deinde,
1170 1142 1209 1199 ut
1221 1125 1430 1200 decernatur

293 1265 338 1313 an
364 1258 461 1316 recte
489 1269 634 1320 munere
660 1273 726 1321 suo
755 1247 859 1322 suncti
880 1250 947 1322 sint
969 1248 1057 1323 oculi
1080 1246 1133 1321 illi.
1161 1247 1243 1341 Qua
1267 1249 1299 1320 in
1323 1274 1430 1346 quae·

293 1364 406 1439 stione
427 1366 456 1438 si
477 1392 601 1441 verum
615 1393 686 1443 non
699 1371 826 1445 vidisse
841 1370 1032 1469 aliquando
1045 1369 1229 1445 Platonem
1244 1387 1429 1468 appareat,

292 1484 326 1558 in
353 1489 562 1562 memoriam
585 1516 795 1566 revocemus
822 1493 1001 1566 Boucuun
1026 1493 1151 1583 verba,
1178 1518 1286 1589 supra
1308 1491 1428 1582 allata,

293 1623 330 1681 et
350 1607 615 1684 Ciceronianum
635 1611 716 1686 illud
738 1615 948 1714 cogitemus,
966 1631 1148 1712 praestare
1162 1615 1334 1689 interdum
1349 1641 1428 1688 cum

292 1727 438 1804 Platone
466 1757 584 1808 errare
612 1761 722 1834 quam
750 1763 830 1810 cum
858 1737 931 1811 aliis
958 1763 1045 1811 vera
1072 1737 1208 1811 sentire.
1225 1733 1251 1834 ¹)

345 1853 530 1929 Postremo
569 1857 603 1930 in
644 1858 742 1932 huius
778 1859 1018 1957 disputationis
1049 1859 1174 1933 linibus
1205 1859 1429 1934 terminandis

292 1991 449 2075 rogatur,
486 1980 558 2077 qui
593 1981 679 2055 sint
715 1983 970 2080 superiores
996 1980 1055 2056 illi
1081 1975 1429 2080 philosophi,'de

292 2099 423 2196 quibus
446 2102 532 2198 quid
554 2103 757 2178 iudicaverit
778 2106 913 2196 Pmro,
937 2106 1187 2203 exponendum
1211 2105 1264 2178 sit.
1280 2103 1427 2203 Duplex

291 2237 413 2295 autem
433 2223 523 2298 inest
542 2227 726 2322 quaestio:
749 2229 821 2325 qui
840 2229 926 2302 sint
944 2227 1198 2326 philosophi
1218 2227 1426 2320 habendi,

292 2359 330 2416 et
355 2346 434 2443 qui
461 2349 691 2423 terminus
726 2351 913 2425 notioni
950 2349 1247 2424 antecedendi
1273 2350 1330 2424 sit
1355 2377 1426 2448 po·

291 2468 468 2542 nendus
499 2470 594 2544 Cum
621 2497 708 2546 vero
735 2499 878 2571 semper
905 2473 1075 2547 memoria
1101 2473 1294 2548 tenendum
1317 2473 1360 2546 sit
1381 2474 1428 2547 de

290 2587 441 2664 Platonis
453 2593 578 2667 iudicio
591 2595 663 2694 agi,
679 2597 725 2670 de
738 2611 860 2671 nostro
873 2621 944 2671 non
958 2596 1030 2696 agi,
1045 2596 1078 2670 in
1091 2597 1206 2693 priore
1216 2597 1426 2693 quaestione

290 2710 357 2786 hoc
393 2730 449 2787 est
484 2717 790 2809 considerandum,
819 2745 937 2816 quos
964 2719 998 2792 in
1024 2716 1422 2816 philosophorum

289 2859 483 2911 numero
509 2838 733 2915 habuerit
760 2842 893 2914 Pmro.
921 2841 1032 2935 Quod
1056 2857 1096 2914 ut
1116 2841 1256 2932 sciatur,
1271 2841 1424 2916 breviter

291 2983 469 3055 quaenam
492 2960 526 3033 in
548 2960 697 3062 dialogis
718 2964 793 3038 eius
814 2963 976 3038 subiecta
997 2963 1041 3037 sit
1057 2963 1171 3038 verbo
1176 2963 1425 3061 philosophare

289 3080 396 3170 notio,
425 3107 605 3180 exponere
629 3111 722 3181 opus
745 3101 811 3175 est,
836 3111 911 3183 quo
934 3085 1028 3159 lacto
1050 3083 1149 3158 facile
1172 3085 1360 3184 apparebit
1381 3112 1428 3160 an

288 3202 355 3276 hac
387 3205 523 3279 ratione
549 3206 749 3308 investigari
776 3208 898 3305 possit,
927 3208 973 3281 de
1001 3207 1128 3305 quibus
1155 3208 1219 3281 dici
1247 3223 1423 3304 oporteat,

290 3350 457 3424 quaeque
483 3328 532 3400 ad
558 3327 816 3428 philosophiam
844 3329 987 3403 omnino
1013 3354 1083 3402 non
1110 3329 1309 3427 pertineant
1329 3330 1424 3404 ideo

288 3474 361 3545 que
386 3447 521 3524 silentio
547 3451 615 3524 sint
639 3451 951 3549 praetereunda&

339 3571 446 3671 Igitur
482 3598 564 3646 cum
599 3599 622 3647 a
659 3574 790 3672 quibus
816 3574 912 3648 initiis
939 3573 1130 3670 disputatio
1156 3571 1246 3647 haec
1273 3573 1424 3672 incipere

288 3692 431 3784 debeat,
452 3696 610 3769 nondum
630 3697 674 3770 sit
692 3697 931 3787 constitutum,
947 3697 1116 3794 quoniam
1130 3696 1341 3770 constituere
1354 3696 1423 3770 hoc

287 3815 394 3914 ipsius
416 3834 472 3891 est
491 3817 743 3915 disputationis,
767 3819 880 3893 multo
898 3817 1028 3892 facilius
1040 3819 1088 3892 ad
1102 3817 1208 3892 finem
1222 3814 1424 3917 perducitur

286 3937 397 4012 altera
423 3938 480 4013 illa
508 3942 683 4037 quaestio,
712 3967 788 4039 qua
816 3941 875 4014 ubi
902 3941 1165 4014 subsistendum
1192 3941 1237 4013 sit
1261 3956 1419 4041 rogatur.

339 4061 478 4136 Etenim
506 4088 588 4135 cum
616 4065 662 4138 de
684 4064 722 4137 iis
748 4079 886 4138 tantum
913 4061 1129 4161 philosophis
1156 4063 1200 4138 sit
1225 4064 1420 4164 agendum,

285 4184 363 4281 qui
389 4183 631 4259 Platonem
658 4186 1035 4275 antecesserint,
1060 4187 1185 4259 Pnnno
1208 4203 1331 4260 autem
1355 4186 1420 4266 So<

283 4327 406 4379 enims
433 4307 535 4381 luerit
560 4309 760 4407 discipulus,
789 4334 915 4384 omnes
937 4326 1020 4383 sunt
1039 4309 1235 4399 omittendi,
1261 4309 1419 4406 quicum

329 4570 479 4635 1)Disput.
499 4570 577 4620 Tusc.
596 4570 618 4635 1,
641 4581 682 4634 17,
701 4581 745 4633 39.

327 4655 354 4721 2)
373 4655 412 4706 Ea
436 4655 491 4706 sere
514 4657 602 4706 omnis
626 4655 695 4722 dico,
718 4656 751 4706 de
776 4656 872 4721 quibus
897 4655 996 4705 Gnoun
1021 4667 1077 4706 vnn
1097 4656 1273 4706 Pnrusrauau
1292 4657 1320 4706 in
1339 4673 1419 4723 opere

282 4740 386 4792 laudato
405 4743 468 4808 egit,
486 4743 604 4808 exceptis
624 4743 724 4792 scilicet
743 4742 919 4808 philosophis.
