3724 5576
644 1605 1140 1704 CONTINENTUR.

758 2001 863 2060 PARS
882 2000 1022 2060 PRIOR.

673 2128 714 2170 DE
732 2127 888 2172 UNIVERSA
906 2127 1111 2183 QUAESTIONE.

653 2258 656 2264 .
1394 2217 1458 2256 nasu·

328 2270 573 2331 Prooemium
576 2316 1375 2334 .................
1440 2293 1453 2332 1

329 2367 404 2444 Cap.
453 2368 476 2428 I.
499 2365 568 2440 Quo
593 2367 632 2426 de
657 2365 783 2427 consilio
809 2377 839 2426 et
863 2368 901 2427 de
928 2366 976 2426 via
1001 2386 1037 2426 ac
1063 2365 1178 2427 ratione
1197 2365 1227 2426 in
1247 2366 1376 2444 disputa·

540 2461 623 2522 tione
642 2462 801 2540 sequendis
819 2462 917 2540 agitur
918 2508 1375 2524 ..........
1420 2484 1453 2524 11

328 2559 402 2636 Cap.
437 2560 477 2619 II.
498 2557 568 2631 Quo
593 2557 668 2635 quid
692 2560 730 2619 de
757 2569 820 2620 tota
845 2557 1020 2636 quaestione
1046 2559 1108 2637 ipse
1133 2570 1255 2620 censeat
1281 2561 1376 2635 Plato,

539 2652 650 2732 quique
675 2654 845 2732 philosophi
871 2653 1043 2732 singillatim
1069 2655 1218 2716 tractandi
1242 2655 1311 2730 sint,
1333 2655 1376 2715 in-

537 2749 700 2828 vestigatur
720 2797 1374 2814 ..............
1417 2769 1457 2824 44

330 2843 404 2920 Cap.
421 2845 478 2906 111.
500 2846 546 2904 De
567 2845 646 2924 vulgi
665 2844 867 2923 opinionibus.
885 2882 926 2890 -
944 2848 991 2908 De
1004 2816 1144 2907 ¹barbaris
1145 2892 1374 2908 ......
1417 2867 1453 2925 9²

738 3035 842 3094 PARS
863 3035 1043 3094 ALTERA.

412 3161 454 3202 nn
474 3160 615 3206 sruouus
635 3162 837 3204 Puruosomrrs
855 3163 894 3204 nr
912 3161 1179 3207 Purnosoruouuu
1195 3161 1371 3206 noerunus

331 3303 405 3380 Cap.
427 3304 451 3363 l.
473 3303 520 3362 De
546 3302 669 3380 Orpheo
694 3312 725 3362 et
751 3303 891 3380 Orphicis
916 3303 968 3381 qui
993 3303 1142 3365 dicuntur.
1168 3339 1208 3348 -
1233 3304 1280 3366 De
1299 3313 1390 3388 vetev

511 3397 593 3458 ribus
620 3398 798 3476 generaliter
825 3399 922 3461 dictis.
951 3435 990 3444 —-
1019 3401 1067 3460 De
1092 3399 1157 3459 aliis
1182 3399 1207 3460 si
1233 3399 1284 3477 qui
1308 3409 1377 3458 sunt

512 3493 645 3554 eiusdem
665 3495 782 3572 generis
801 3495 995 3572 philosophis.

551 3591 575 3650 I.
598 3591 645 3650 De
664 3591 786 3666 Orpheo
805 3601 835 3650 et
854 3590 995 3668 Orphicis
1020 3636 1374 3652 ........
1401 3611 1455 3668 129

658 3688 694 3747 A.
716 3686 755 3746 de
774 3687 897 3764 Orpheo
918 3732 1373 3748 ..........
1398 3704 1452 3764 135

329 3780 475 3840 Theses
476 3826 1372 3844 ...................
1397 3802 1454 3860 ²09
