3654 5564
973 643 1044 712 106

440 859 531 908 vero
560 835 804 909 barbarorum
834 835 969 933 placita
993 835 1144 907 omnino
1168 834 1203 905 in
1228 833 1297 907 hac
1321 833 1572 930 disputatione

440 955 587 1031 silentio
625 959 825 1054 praeterire
853 959 1048 1031 convenit:
1078 973 1183 1030 vetat
1211 957 1290 1053 ipse
1320 957 1466 1030 PLu‘ro:
1496 955 1570 1052 qui,

440 1079 469 1152 si
508 1081 804 1177 praeteriremus
843 1081 1007 1154 obiceret
1042 1080 1079 1153 id
1115 1079 1217 1175 quod
1255 1078 1459 1152 Socmnu
1488 1077 1573 1152 fecit

440 1401 564 1452 chischen
585 1403 729 1452 Forschern
748 1402 803 1451 und
821 1402 871 1452 den
891 1401 1062 1467 egyptischen
1082 1400 1223 1450 Gelehrten
1242 1399 1323 1448 durch
1343 1398 1511 1449 Dolmetsche
1529 1415 1571 1463 ge-

440 1489 509 1538 idhrt
527 1488 640 1553 werden,
658 1489 723 1538 oder
738 1494 833 1554 mdgen
850 1489 905 1538 sich
921 1496 996 1537 unter
1012 1487 1063 1537 den
1080 1487 1208 1537 Priestern
1225 1485 1306 1535 schon
1321 1485 1430 1535 manche
1440 1485 1570 1549 gefunden

437 1574 533 1640 haben,
552 1575 594 1624 die
614 1575 663 1625 wie
682 1576 724 1624 ein
740 1575 916 1640 Jahrhundert
935 1581 1022 1640 spiter
1040 1573 1087 1624 der
1102 1575 1260 1638 Erzpriester
1276 1571 1435 1622 hlunetho
1451 1573 1497 1623 der
1505 1573 1570 1639 grie-

437 1661 560 1713 chischen
586 1661 699 1727 Sprache
725 1663 753 1711 in
773 1662 868 1712 vollem
888 1663 973 1712 Messe
992 1661 1093 1726 kundig
1112 1676 1206 1710 waren.
1226 1661 1324 1710 Ferner
1341 1660 1433 1709 ditrsen
1452 1661 1498 1709 wir
1517 1675 1571 1709 ver·

437 1755 536 1812 muten,
552 1748 611 1797 dass
629 1748 761 1798 Hellenen
779 1749 847 1798 noch
864 1749 1069 1798 immersusden
1081 1747 1213 1797 seculdren
1224 1745 1571 1811 Himmelsheobachtungen

440 1835 486 1883 der
506 1835 624 1899 Egypter
644 1834 793 1900 Belehrung
813 1835 940 1900 schdpien
957 1835 1085 1900 kunnun,
1104 1833 1228 1883 withrend
1247 1849 1274 1882 es
1293 1832 1403 1898 fraglich
1423 1834 1464 1897 ist,
1483 1833 1571 1882 inwie-

436 1922 497 1971 weit
516 1921 558 1971 die
577 1922 705 1986 Schdpier
723 1922 768 1972 der
785 1923 957 1972 Mathematik
973 1923 1040 1972 noch
1056 1923 1134 1972 einen
1144 1922 1298 1986 Vorsprung
1308 1936 1355 1969 vor
1363 1920 1437 1970 ihren
1449 1920 1570 1985 genialen

440 2008 565 2058 schulem
588 2010 720 2058 besassen.
748 2009 810 2074 Mag
829 2024 883 2058 nun
903 2005 997 2060 Pluton
1018 2009 1133 2058 daselbst
1150 2008 1223 2057 diese
1241 2008 1304 2057 oder
1320 2007 1380 2070 jene
1400 2007 1508 2056 Studien
1528 2022 1571 2071 ge-

437 2094 537 2145 trieben
564 2096 650 2145 haben
678 2077 715 2133 -'
740 2096 818 2146 beide
846 2097 974 2162 vereinigt
1001 2095 1153 2162 (llirnrnels
1180 2094 1235 2144 und
1262 2093 1460 2160 Zahlenkunde)
1488 2101 1571 2143 nennt

437 2180 528 2231 Cicero
546 2210 591 2247 —,
607 2182 746 2246 jedenislls
766 2183 833 2248 zeigt
852 2199 879 2232 er
897 2182 953 2232 sich
972 2183 1036 2232 iiber
1052 2181 1204 2247 egyptische
1220 2181 1308 2246 Dinge
1324 2180 1384 2230 sehr
1399 2181 1468 2230 wohl
1484 2187 1570 2230 unter-

435 2267 555 2318 richtet.’'

480 2355 571 2420 Igitur,
589 2371 746 2420 quamquam
766 2357 924 2421 posteriores
943 2356 1027 2405 multa
1043 2356 1134 2405 fictitia
1152 2354 1241 2404 dehis
1257 2354 1414 2418 fabulantur,
1429 2370 1483 2403 non
1493 2353 1569 2403 facile

436 2442 496 2506 quis
518 2443 635 2508 negabit,
658 2442 711 2492 fieri
737 2443 895 2507 potuisse
920 2451 948 2492 ut
972 2443 1064 2493 Puero
1082 2442 1210 2492 nonnulla
1227 2441 1259 2491 ad
1278 2441 1472 2507 philosophiam
1491 2441 1569 2505 perti-

435 2527 525 2576 nentia
549 2529 581 2576 nb
607 2529 746 2592 Aegyptiis
765 2535 895 2578 mutuatus
914 2530 956 2593 sit,
976 2530 1002 2579 si
1022 2529 1114 2578 modo
1134 2527 1388 2594 philosophiam
1406 2527 1568 2576 colebant

436 2612 478 2661 hi.
497 2613 576 2675 Quod
593 2615 713 2664 statuisse
731 2615 774 2663 hic
794 2615 856 2664 satis
876 2623 922 2664 est.
943 2615 983 2665 Cf.
1003 2632 1062 2680 pag.
1085 2627 1133 2678 113
1152 2615 1213 2664 adn.
1235 2625 1248 2678 5
1269 2619 1294 2664 et
1314 2630 1372 2678 pag.
1396 2625 1444 2676 113
1464 2627 1523 2678 sqq.

479 2699 582 2764 Nempe
601 2701 678 2750 etism
696 2701 718 2750 si
736 2701 764 2750 in
785 2701 915 2750 Pmoun
934 2717 1039 2766 quoque
1059 2717 1146 2751 verum
1166 2702 1199 2750 sit
1218 2701 1254 2766 id,
1273 2701 1345 2766 quod
1363 2701 1396 2750 de
1415 2700 1522 2750 Graecis
1540 2701 1567 2748 in

434 2786 583 2836 universum
602 2788 723 2852 permulti
743 2788 792 2837 viri
811 2788 883 2838 docti
903 2788 1002 2854 dicunt,
1021 2789 1086 2838 nihil
1106 2789 1160 2838 iere
1179 2788 1227 2837 hos
1246 2788 1297 2838 nisi
1319 2787 1525 2838 mathematicam
1542 2793 1569 2837 et

434 2874 618 2922 astronomiam
632 2876 665 2924 ab
681 2876 822 2940 Aegyptiis
837 2876 969 2940 didicisse,
985 2877 1056 2940 quod
1070 2883 1208 2940 utrumque
1218 2883 1372 2939 negatur—
1381 2873 1414 2923 de
1424 2873 1530 2923 Graecis
1539 2873 1567 2922 in

434 2959 583 3009 uuiversum
601 2960 634 3010 cs.
653 2962 889 3026 e‚g.W11.unsann
909 2961 961 3010 o.l.
981 2978 1041 3027 pag.
1060 2960 1108 3022 48:
1130 2963 1196 3026 „Die
1216 2960 1337 3025 Ansicht,
1355 2960 1414 3010 dass
1434 2961 1476 3009 die
1496 2959 1568 3008 Grie-

434 3046 500 3095 chen
525 3046 600 3097 dnhei
625 3064 673 3098 nur
696 3048 892 3113 Mythologeme
911 3049 966 3098 und
986 3049 1159 3098 Mathematilr
1178 3047 1281 3113 gelernt
1298 3047 1398 3111 hutten,
1417 3047 1489 3095 nicht
1507 3047 1569 3094 aber

434 3133 596 3197 spelculative
621 3135 733 3200 Lehren,
752 3137 785 3184 ist
805 3151 855 3184 von
876 3135 928 3184 den
948 3135 1148 3199 Aegyptologen
1168 3149 1221 3183 nun
1241 3134 1360 3198 ga'nzlich
1378 3130 1568 3197 autgegeben,'’

434 3234 511 3283 quam
531 3222 686 3270 sententiam
704 3232 733 3271 ut
752 3223 854 3286 probet,
873 3230 977 3271 revocat
996 3221 1029 3271 ad
1048 3223 1197 3270 Bauescuu
1214 3237 1289 3286 opus,
1305 3220 1428 3284 Religion
1443 3220 1497 3270 und
1511 3219 1567 3282 My·

433 3306 548 3370 thologie
573 3309 618 3358 der
642 3309 785 3374 Aegypter,
810 3309 918 3373 Leipzig
941 3307 1017 3372 1884,
1037 3307 1073 3373 11,
1092 3323 1151 3372 pag.
1171 3308 1264 3356 XVll:
1284 3308 1350 3370 „Die
1366 3306 1566 3356 vondenKlss·

433 3393 522 3442 sikem
536 3393 589 3443 viel
604 3396 658 3444 und
674 3396 802 3460 ungeteilt
818 3397 952 3460 gerilhmte
963 3395 1091 3444 Weisheit
1101 3395 1148 3444 der
1157 3393 1326 3460 dgyptischen
1336 3395 1457 3459 Priester‚
1467 3392 1565 3442 welche

433 3479 497 3528 Gott
516 3479 541 3527 in
561 3479 608 3528 der
626 3481 696 3529 Welt
715 3481 928 3530 wiederkannten
946 3481 1002 3530 und
1017 3482 1060 3531 ein
1077 3479 1565 3545 philosophischesSystemaufgehaut

432 3566 531 3630 hatten,
552 3565 644 3615 dessen
664 3567 801 3616 Lehrsdtze
820 3568 847 3616 in
865 3567 940 3616 ihren
958 3568 1055 3617 letzten
1073 3567 1269 3616 Bruchstitclren
1289 3583 1338 3616 uns
1357 3565 1403 3616 anf
1420 3566 1492 3616 Stein
1510 3565 1565 3615 und

432 3653 548 3717 Papyrus
566 3653 681 3703 erhalten
702 3654 771 3720 sind,
788 3671 840 3704 war
859 3654 997 3704 sicherlich
1017 3654 1079 3703 lcein
1095 3655 1176 3704 leerer
1193 3654 1288 3717 Wahn,
1303 3653 1357 3704 und
1374 3669 1400 3702 es
1410 3652 1496 3702 hiesse
1506 3652 1564 3702 dem

431 3739 611 3789 hellenischen
636 3741 725 3791 Geiste
749 3742 791 3791 ein
817 3741 928 3791 ialsches
952 3741 1007 3790 und
1032 3741 1142 3790 schiefes
1168 3740 1251 3792 Urteil
1276 3740 1453 3798 zuschreihen,
1477 3739 1565 3789 wollte

431 3841 490 3874 man
514 3826 580 3875 nach
604 3827 737 3877 beliehten
762 3829 902 3877 modernen
928 3829 1045 3877 Mustern
1065 3828 1107 3877 die
1127 3826 1273 3877 Ansichten
1291 3827 1338 3877 der
1356 3826 1436 3876 Alten
1454 3826 1565 3876 deritber

431 3912 458 3960 in
477 3912 583 3962 Zweiiel
601 3914 718 3980 ziehen’';
737 3915 808 3978 quod
827 3915 859 3964 ad
875 3915 1026 3964 Pnuroxnrr
1042 3915 1075 3964 ci.
1092 3915 1204 3964 eundem
1219 3931 1243 3963 o.
1254 3915 1271 3964 l.
1284 3931 1342 3979 pag.
1353 3927 1419 3975 402:
1432 3913 1563 3977 „Pluton’s

432 3997 586 4050 Auienthult
603 4001 631 4049 in
651 4003 789 4066 Aegypten
809 4003 843 4051 ist
860 4002 1001 4067 genitgend
1019 4004 1143 4068 bezeugt3
1159 4003 1218 4051 dass
1234 4017 1262 4051 er
1277 4002 1333 4051 sich
1342 4001 1563 4052 dortnichtbloss

432 4085 644 4136 mathematische
669 4088 829 4137 Kenntnisse
851 4089 1000 4152 snelgnete‚
1018 4087 1127 4154 zeigt(?)
1145 4087 1188 4137 die
1207 4104 1260 4137 von
1280 4087 1436 4153 Porphyrius
1454 4089 1560 4153 nuchge

431 4172 544 4222 wiesene
563 4173 834 4238 Uebereinstimmung
853 4175 939 4224 seiner
958 4174 1041 4224 Lehre
1058 4190 1109 4223 von
1125 4175 1171 4223 der
1187 4173 1402 4224 Schiclrsulsunhl
1418 4175 1463 4225 der
1473 4175 1566 4226 Seelen

431 4274 477 4308 vor
495 4259 542 4308 der
560 4260 661 4310 Gehurt
679 4261 726 4310 mit
746 4261 792 4312 der
810 4261 983 4326 dgyptischen
1000 4262 1177 4326 Auschauung
1194 4277 1254 4310 vom
1271 4261 1431 4327 Horoslrop”
1446 4263 1566 4327 -‚nihit

431 4344 495 4395 haec
518 4347 545 4394 in
567 4347 761 4411 philosophiam
783 4349 919 4398 PLATorus
943 4347 1100 4412 pertinuisse
1122 4363 1171 4397 nec
1195 4349 1335 4413 quicquam
1354 4349 1414 4398 huic
1431 4349 1568 4416 profuisse,

431 4432 559 4481 artissimo
577 4449 707 4498 perpenso
724 4434 795 4498 quod
811 4433 881 4499 apud
891 4449 949 4482 eum
959 4433 1027 4484 inter
1037 4434 1235 4499 philosophiam
1246 4443 1317 4484 extat
1328 4445 1353 4484 et
1362 4437 1568 4486 mathematicam

432 4518 538 4568 vinculo
561 4519 606 4584 (de
620 4535 677 4586 ¹quo
696 4520 757 4570 vide
776 4521 843 4570 inira
862 4537 922 4585 pag.
945 4533 992 4583 113
1012 4520 1072 4570 adn.
1095 4521 1131 4588 5),
1156 4523 1199 4570 vix
1217 4531 1255 4571 est
1274 4523 1412 4590 credibile3
1432 4524 1482 4572 nisi
1501 4524 1567 4574 forte

433 4605 492 4669 quis
513 4606 614 4655 nullum
633 4607 665 4656 ad
686 4607 764 4656 finem
784 4608 938 4660 Pmoun(
957 4607 984 4655 in
1005 4609 1156 4678 Aegyptum
1175 4608 1226 4664 iter
1243 4608 1346 4668 fecisse,
1361 4625 1410 4660 nec
1426 4610 1569 4679 quidquam

433 4692 470 4744 ihi
486 4692 608 4744 didicisse
627 4701 723 4746 censet.
