3698 5574
810 699 879 749 201

277 876 485 975 quaestioni
508 876 658 950 abunde
679 876 768 949 satis
790 875 929 949 iactum
950 899 1034 949 esse
1047 889 1151 972 putu.
1169 874 1283 950 Cuius
1299 899 1411 972 quae·

275 999 404 1072 stionis
426 998 550 1096 capita
574 999 604 1071 si
626 998 840 1072 summatim
860 1012 1030 1096 repetere
1051 995 1147 1089 licet,
1167 997 1410 1071 consideratis

275 1145 372 1220 quae
406 1120 507 1194 hisce
544 1121 691 1219 paginis
727 1119 833 1194 attuli
868 1120 963 1193 haec
992 1119 1079 1192 mihi
1108 1119 1282 1194 videntur
1309 1117 1410 1217 quod

275 1242 322 1316 ad
352 1242 546 1340 Orpheum
575 1241 623 1316 de
651 1242 841 1316 Punrours
869 1242 1052 1316 sententia
1080 1242 1279 1316 statuenda
1304 1266 1406 1316 esse:

328 1366 536 1439 Punrounu
568 1366 613 1438 in
641 1367 848 1466 scriptis
876 1367 975 1439 suis
1002 1366 1306 1462 coniungere
1334 1363 1411 1436 Or-

276 1487 447 1586 pheum
483 1513 584 1562 cum
627 1487 884 1586 Orphicis,
924 1513 1014 1562 non
1053 1503 1127 1561 est
1164 1513 1245 1560 cur
1282 1501 1412 1584 putc-

276 1637 394 1685 mus:
434 1611 541 1708 ipse
579 1611 777 1709 quidem
811 1611 938 1684 Pnnro
965 1610 1024 1684 ad
1052 1609 1201 1684 talem
1229 1609 1411 1709 opinio·

277 1758 381 1807 nem
416 1733 495 1806 vix
532 1757 677 1807 ansas
714 1734 819 1826 dat,
862 1733 982 1807 licet
1017 1757 1103 1807 nec
1144 1731 1413 1830 oppositae

278 1881 441 1930 eorum
470 1856 758 1930 sententiae
787 1855 926 1929 locus
954 1856 1037 1947 sit,
1064 1856 1144 1953 qui
1173 1855 1412 1929 scientem

280 1978 488 2052 Punrouuu
513 1977 713 2052 tabulae
737 1977 872 2052 illum
898 1977 1147 2075 Orpheum
1170 1977 1225 2051 ab
1250 1975 1417 2074 Orphi-¹

277 2101 345 2174 cis
374 2126 638 2199 corumque
666 2101 915 2175 doctrinis
944 2125 1201 2198 separasse
1229 2114 1412 2199 putent,

277 2223 335 2296 de
362 2221 564 2297 fabulae
592 2223 793 2322 Orpheo
817 2248 973 2321 agens
997 2224 1053 2297 de
1077 2222 1311 2322 Orphicis
1333 2222 1413 2296 vix

278 2346 508 2444 cogitare
534 2345 755 2421 videtur:
786 2371 879 2443 quo
908 2346 966 2420 fit
995 2362 1043 2420 ut
1072 2345 1318 2444 Orphicos
1341 2344 1413 2418 im-

281 2468 553 2567 primisque
604 2469 930 2568 Orphicorum
981 2469 1239 2544 doctrinas
1280 2466 1414 2542 colat

282 2591 525 2665 eximie-
546 2591 593 2664 id
621 2593 749 2690 quod
778 2592 1002 2689 proxima
1030 2590 1234 2666 huiusce
1261 2591 1414 2689 operis

281 2729 423 2812 parte
452 2715 734 2789 accuratius
761 2713 1313 2805 demonstrabitur—,de
1342 2712 1414 2787 Or·

281 2835 407 2933 pheo
442 2852 605 2911 autem
643 2862 736 2910 non
768 2835 867 2910 alia
894 2836 1090 2910 ratione
1118 2835 1254 2910 dicat
1280 2861 1334 2910 ac
1356 2835 1415 2909 de

327 3083 429 3146 Quodsi
452 3083 588 3132 Ptnrouts
611 3079 740 3130 tantulum
761 3077 839 3129 modo
859 3076 1029 3143 interfuisset,
1050 3077 1096 3143 qui
1110 3078 1174 3127 haec
1190 3077 1312 3142 mysteria
1326 3077 1415 3127 eondi-

279 3170 369 3236 disset,
398 3177 442 3220 aut
471 3169 493 3220 si
524 3170 557 3219 ab
589 3167 697 3232 Orpheo
727 3166 834 3216 condita
858 3180 924 3230 esse,
949 3179 981 3214 ex
1007 3164 1094 3214 animo
1120 3171 1236 3230 putasset
1261 3172 1287 3213 et
1312 3163 1415 3214 fabulae

279 3256 415 3323 Orpheum
433 3273 492 3306 cum
511 3255 634 3320 Orphicis
652 3269 794 3319 eorumque
809 3251 935 3301 doctrinis
945 3251 1132 3316 coniunxisset,
1141 3277 1175 3288 —
1185 3250 1208 3300 si
1217 3265 1336 3316 usquam,
1346 3259 1415 3300 certe

280 3343 330 3394 hoc
355 3343 424 3409 loco,
448 3359 501 3409 quo
526 3342 559 3392 de
582 3341 647 3406 ipsis
668 3339 848 3405 mysteriorum
866 3336 1046 3386 conditoribus
1061 3337 1124 3402 agit,
1140 3335 1241 3402 Orphei
1256 3337 1415 3386 mentionem

280 3431 364 3480 facere
383 3446 437 3480 non
457 3429 541 3480 solum
560 3435 680 3494 potuerat
699 3426 746 3478 sed
764 3426 888 3475 debuerat
908 3424 1000 3490 etiam,
1018 3424 1070 3490 hic,
1088 3424 1109 3473 si
1125 3439 1244 3490 usquam,
1259 3422 1293 3473 ud
1308 3438 1415 3489 eaquae

278 3517 311 3566 de
331 3517 439 3582 Orpheo
458 3523 532 3566 erant
551 3515 653 3580 tradita,
672 3528 793 3563 reuocare
813 3517 941 3578 potuerat.

323 3603 375 3654 Sed
399 3604 492 3653 horum
516 3603 633 3652 omnium
657 3601 724 3651 nihil
750 3599 820 3649 iacit.
845 3599 906 3648 Non
932 3597 1032 3663 scribit,
1053 3613 1085 3646 ex
1103 3597 1136 3646 iis
1155 3612 1223 3663 quae
1241 3597 1336 3646 tradita
1354 3596 1416 3662 sint,

279 3704 415 3755 apparere,
434 3688 569 3754 Orpheum
589 3688 717 3753 optimum
735 3686 816 3737 fuisse
836 3685 927 3751 virum,
946 3692 972 3734 et
991 3683 1135 3734 confirmari
1155 3684 1183 3733 id
1201 3684 1256 3733 eius
1276 3683 1415 3734 doctrinis:

281 3777 361 3827 immo
387 3792 421 3826 ne
448 3776 565 3826 nominat
590 3775 697 3840 quidem
723 3773 873 3839 Orpheum:
898 3772 1027 3838 plurative
1052 3771 1129 3821 dicit:
1156 3769 1181 3818 ui
1194 3767 1419 3827 murrinum,

283 3862 362 3928 paulo
381 3869 441 3928 post
459 3863 536 3913 etiam
553 3863 635 3927 magis
652 3861 822 3926 generaliter:
833 3858 859 3906 οἱ
871 3855 927 3918 περὶ
941 3858 990 3914 τὰς
1003 3854 1120 3913 τελετάς.
1137 3859 1194 3908 Hos
1209 3865 1295 3908 autem
1314 3853 1341 3905 ot
1356 3855 1419 3920 pao.

282 3957 340 4005 λους
363 3945 434 4004 τινάς
455 3949 543 4015 inisse,
561 3948 594 3999 id
614 3963 672 4014 per
691 3947 925 3997 coniecturam
944 3945 1063 3996 eiiicit
1081 3961 1119 3995 ex
1138 3946 1312 3997 doctrinis
1331 3962 1417 4011 quae

282 4038 326 4087 iis
350 4036 655 4087 adscribebantur:
674 4035 771 4083 bonam
788 4032 934 4084 doctrinam
949 4049 964 4082 a
978 4032 1057 4082 bonis
1072 4032 1134 4082 viris
1144 4033 1279 4084 oriundam
1289 4049 1417 4084 essecon·

279 4132 431 4174 sentaneum
450 4123 474 4172 ei
493 4121 603 4172 videtur.
624 4121 703 4183 Quod
721 4119 819 4169 iaciens
838 4120 888 4169 hoc
907 4119 971 4168 mihi
985 4118 1087 4168 videtur
1103 4119 1417 4186 significarePuar0,0r·

281 4211 417 4276 phicorum
437 4208 543 4274 quidem
559 4208 691 4258 doctrinas
706 4207 812 4272 plurimi
827 4221 854 4256 se
870 4205 955 4256 iacere
971 4213 997 4255 et
1013 4206 1161 4256 veterrimas
1177 4221 1233 4257 esse
1246 4208 1328 4272 probe
1338 4207 1417 4274 scire3

278 4298 324 4362 qui
343 4305 429 4346 autem
447 4311 491 4346 eas
510 4295 662 4360 excogitarit
682 4294 725 4343 vel
744 4293 842 4359 primus
860 4292 991 4357 professus
1008 4293 1051 4356 sit,
1066 4307 1094 4342 se
1110 4308 1157 4342 nec
1173 4293 1239 4343 scire
1256 4309 1305 4343 nec
1320 4309 1416 4344 curare.

324 4384 417 4449 Itaque
436 4383 514 4433 etiam
532 4383 575 4432 hic
596 4381 742 4432 Phaedonis
761 4379 834 4429 iocus
853 4395 941 4430 eorum
957 4379 1088 4445 redarguit
1104 4380 1267 4446 opinionem,
1283 4381 1329 4446 qui
1346 4380 1418 4430 nulla

281 4471 371 4520 critica
380 4476 434 4520 arte
444 4469 563 4519 adhibita
572 4468 693 4518 omnibns
704 4482 770 4534 quae
780 4467 813 4516 de
824 4466 932 4532 Orpheo
942 4466 1104 4516 traderentur
1111 4473 1206 4518 temere
1213 4467 1418 4518 fidemhabuissc

282 4558 434 4607 Punrouuu
453 4563 562 4622 putent3
582 4571 629 4605 nec
648 4554 805 4604 sententiam
823 4560 938 4604 nostram
953 4569 1007 4603 non
1023 4552 1166 4621 coufirmat,
1182 4570 1236 4604 nou
1252 4554 1419 4605 coniunxisse

283 4645 435 4693 Puerorum
454 4642 589 4708 Orpheum
608 4650 634 4693 et
655 4641 794 4707 Orphicos,
813 4655 861 4690 nec
879 4640 972 4689 horum
990 4639 1122 4690 doctrinas
1141 4642 1173 4690 ab
1193 4640 1240 4690 illo
1259 4641 1397 4690 derivasse.

331 4730 453 4780 Ceterum
472 4737 563 4795 postea
581 4729 686 4779 uberius
706 4734 814 4778 tractare
832 4728 927 4791 locum,
945 4733 1074 4792 praestare
1092 4727 1157 4778 mihi
1176 4727 1285 4779 uidetur.
