3654 5564
913 668 985 736 124

384 837 492 910 huius
506 837 554 911 de
569 837 630 912 illa
644 839 816 914 iudicium
832 841 879 915 sit
892 839 1139 931 tractandum,
1155 863 1267 912 nemo
1277 838 1513 935 vituperabit.

437 961 607 1058 Denique
634 962 685 1034 ita
708 962 838 1038 iecisse
862 964 1083 1054 ΡιΑΤοΝΕΜ,
1108 986 1182 1036 non
1207 961 1338 1034 mirum
1362 976 1430 1051 est,
1446 985 1516 1034 nec

384 1098 513 1156 contra
554 1084 872 1180 prae-Socraticae
913 1085 1173 1184 philosophiae
1214 1081 1378 1157 indolem
1415 1083 1513 1180 egit:

384 1230 515 1279 revera
552 1207 588 1279 in
627 1208 697 1282 hac
723 1209 893 1283 homines
921 1209 1042 1306 magis
1071 1224 1157 1281 sunt
1185 1206 1372 1303 conspicui
1400 1230 1514 1303 quam

383 1327 637 1424 problemata:
667 1332 760 1405 haec
785 1333 950 1405 nondum
974 1347 1149 1428 separata
1163 1345 1249 1403 sunt
1262 1327 1363 1402 aliud
1377 1328 1426 1401 ab
1441 1325 1514 1401 alio

384 1474 452 1523 nec
487 1452 670 1543 distincta,
709 1455 802 1528 haec
839 1456 1004 1528 nondum
1042 1454 1123 1550 ipsa
1160 1477 1227 1549 per
1263 1475 1303 1524 se
1341 1473 1514 1548 quaeque

383 1570 597 1671 tractata:¹)
624 1575 686 1648 vix
710 1575 784 1649 ulla
809 1577 979 1673 quaestio
1003 1573 1101 1649 clare
1125 1600 1169 1648 ac
1193 1589 1292 1647 recte
1307 1572 1430 1669 posita
1444 1587 1512 1662 est,

384 1695 520 1768 nedum
549 1696 598 1768 ad
626 1695 738 1769 finem
763 1699 961 1794 perducta:
988 1697 1114 1793 itaque
1137 1696 1180 1769 iis
1195 1694 1282 1792 ipsis
1296 1694 1383 1767 viris
1396 1692 1516 1767 doctis

384 1817 431 1890 de
460 1818 592 1914 quibus
619 1845 733 1916 supra
760 1836 841 1893 erat
867 1844 1003 1909 serm0‚
1033 1819 1127 1892 haee
1155 1818 1332 1914 antiquae
1355 1814 1514 1913 philoso-

383 1940 494 2036 phiae
531 1966 619 2037 pars
655 1943 835 2016 maximas
863 1943 1020 2040 praebet
1048 1939 1293 2030 difficultates,
1305 1937 1332 2038 ²)
1360 1938 1445 2013 licet
1473 1939 1515 2012 iis

384 2087 451 2158 pro
494 2065 689 2160 prooemio
730 2081 874 2139 tantum
916 2089 999 2140 esse
1040 2062 1171 2136 soleat.
1217 2063 1363 2157 Quibus
1404 2062 1515 2134 rebus

385 2185 562 2276 adducor,
602 2203 642 2260 ut
677 2187 835 2261 alteram
874 2186 996 2284 operis
1031 2186 1103 2258 mei
1131 2200 1277 2282 partem
1306 2183 1515 2257 hominibus

384 2306 561 2399 dividam,
592 2335 666 2382 non
695 2311 985 2407 quaestionibus

439 2431 626 2529 Deinceps
650 2433 812 2507 dicturus
839 2429 975 2530 sum:³)

439 2643 466 2716 1.
498 2645 567 2718 De
618 2646 985 2743 antiquissimis
1037 2645 1262 2719 Graecae
1303 2641 1514 2740 philoso-

505 2767 652 2863 phiae
679 2769 926 2867 vestigiis.

584 2913 614 2963 1.
646 2891 707 2964 De
735 2890 891 2987 Orpheo
919 2906 958 2964 et
986 2889 1160 2986 Orphicis
1188 2889 1250 2985 qui
1278 2888 1456 2962 dicuntur.

584 3037 615 3086 2.
647 3013 707 3086 De
735 3013 923 3087 veteribus
951 3011 1176 3110 generaliter
1203 3011 1319 3084 dictis.

586 3160 619 3230 3.
651 3137 711 3210 De
740 3136 820 3209 aliis
847 3136 876 3208 si
902 3135 963 3232 qui
988 3150 1073 3208 sunt
1097 3133 1263 3207 eiusdem
1277 3131 1426 3230 generis
1440 3131 1516 3229 phi-

702 3257 880 3355 Iosophis

501 3470 547 3544 11.
579 3472 648 3544 De
678 3471 846 3545 Ionicis
874 3471 949 3568 qui
972 3470 1187 3543 dicuntur
1207 3467 1512 3566 philosophis.

585 3616 615 3667 1.
647 3595 708 3667 De
735 3592 905 3667 Thalete.

385 3745 578 3756 —··—-—-.

431 3823 458 3891 1)
476 3823 516 3873 Cf.
541 3825 699 3872 Bneuuxnn
723 3823 776 3874 ο.1.
803 3838 864 3888 pag.
884 3822 963 3871 VIII:
985 3822 1071 3886 „Weil
1090 3823 1135 3872 dns
1154 3823 1274 3872 Problem
1293 3825 1339 3873 der
1360 3823 1467 3874 Materie
1486 3823 1514 3872 in

384 3911 521 3960 derselben
548 3909 584 3976 [h.
594 3925 631 3959 e.:
654 3910 681 3959 in
701 3910 746 3959 der
765 3908 991 3958 vorsokrntlschen
1011 3909 1190 3976 Philosophie]
1209 3909 1277 3960 noch
1296 3911 1375 3960 keine
1390 3910 1516 3975 sbgeson·

385 3998 457 4048 derte
477 3996 649 4061 Behandlung
667 3995 783 4046 ersnhren
803 3995 847 4045 het
859 4031 865 4044 .
876 4035 882 4046 .
894 3994 918 4044 .”

430 4083 457 4150 2)
476 4083 516 4134 Cf.
536 4082 588 4132 ο.1.
607 4083 764 4132 Binuuxen
782 4082 834 4132 ο.1.
854 4098 913 4149 pag.
934 4082 1008 4131 VIII.

429 4170 458 4238 3)
477 4171 640 4235 Quamquam
663 4171 691 4219 in
716 4170 863 4219 universum
884 4185 980 4234 sequor
998 4169 1126 4235 ordinem,
1144 4185 1222 4234 quem
1241 4170 1269 4219 in
1289 4186 1368 4236 opere
1388 4187 1434 4221 sno
1451 4171 1518 4235 „Ge-

386 4257 502 4308 schichte
521 4258 566 4306 der
586 4257 665 4306 Alten
684 4255 871 4320 Philosophie”
888 4255 994 4304 exhibet
1010 4256 1214 4322 winnemmn,
1229 4256 1280 4306 hoc
1298 4257 1395 4308 faciens
1411 4259 1521 4323 probare

385 4361 425 4394 me
451 4344 527 4394 huius
546 4344 595 4392 viri
614 4343 685 4393 docti
704 4344 731 4392 in
750 4343 798 4392 hac
817 4358 844 4393 re
863 4342 999 4408 rationem,
1018 4342 1125 4391 omnino
1143 4358 1196 4392 non
1216 4344 1344 4410 significo.
1364 4345 1446 4410 Operi
1465 4361 1522 4395 meo

386 4447 447 4480 vero
466 4447 520 4480 non
539 4430 627 4494 magni
645 4429 748 4478 videtur
766 4445 822 4479 esse
841 4429 975 4494 momenti,
994 4443 1072 4493 quem
1090 4429 1150 4493 quis
1170 4430 1289 4480 ordinem
1309 4439 1440 4498 sequatur.
1457 4432 1523 4481 PLA-

385 4530 482 4568 ‘rom
506 4519 539 4568 nd
563 4533 621 4568 eum
646 4518 811 4568 statuendum
832 4517 876 4567 vix
894 4532 970 4566 ansas
989 4515 1059 4581 dare,
1079 4531 1111 4565 ex
1130 4517 1165 4566 iis
1185 4534 1252 4583 quae
1271 4528 1348 4569 antea
1367 4519 1438 4570 dicta
1455 4525 1525 4588 sunt²

387 4605 435 4655 erit
459 4606 631 4656 manifestum.
657 4606 748 4671 Itaque
773 4620 820 4654 nec
846 4605 969 4653 Dtnnnsn
993 4603 1167 4654 Prae-Socrnt.
1187 4605 1278 4672 fragm.
1299 4606 1422 4658 ethonis
1441 4621 1524 4673 nuper

389 4691 415 4740 in
435 4691 518 4741 lucem
537 4693 644 4742 emIssee
663 4692 789 4740 rationem
807 4691 881 4755 sequi
899 4706 1004 4741 necesse
1024 4691 1121 4754 putavi.
