3654 5564
759 707 824 777 131

230 887 342 960 etiam
366 910 449 959 esse
473 885 567 957 inter
589 884 689 956 viros
712 883 843 956 doctos
867 883 1144 976 dissensionem,
1169 885 1231 957 ubi
1246 909 1356 981 quae·

230 1008 329 1096 ntur,
355 1007 443 1103 quid
467 1006 514 1078 de
539 1006 627 1102 ipsis
650 1004 822 1100 Orphicis
846 1004 1168 1103 Orphicorumque
1183 1005 1357 1079 doctrinis

228 1129 275 1202 sit
310 1128 548 1218 censendum,
578 1151 691 1223 quam
721 1127 781 1200 ubi
810 1127 898 1224 quid
928 1127 1054 1200 Pnnro
1081 1130 1128 1202 de
1154 1128 1198 1200 iis
1224 1128 1357 1200 iudiea-

226 1250 332 1340 verit,
362 1265 525 1346 rogatur.
558 1247 634 1321 Alii
662 1274 744 1322 cum
769 1249 830 1320 vix
853 1247 955 1322 flocci
979 1248 1115 1322 faciant
1137 1245 1356 1346 Orphicos¹)

229 1388 267 1446 et
289 1371 537 1468 Orphicorum
562 1395 678 1468 opera
700 1371 965 1444 recentioribus
989 1372 1192 1445 attribuant
1214 1387 1357 1469 tempo·

228 1495 339 1584 ribus,
375 1493 616 1592 gravissimos
650 1517 715 1565 eos
749 1492 860 1567 fuisse
896 1491 955 1565 alii
990 1509 1142 1567 censent
1173 1509 1211 1566 et
1238 1493 1357 1590 prima

228 1616 360 1690 saltem
376 1640 505 1689 eorum
516 1615 651 1711 scripta
661 1614 915 1710 antiquissima
926 1616 1074 1688 ducunt.
1092 1615 1133 1688 ln
1144 1640 1219 1712 quo
1230 1630 1356 1688 tamen

227 1737 434 1812 notandum
467 1752 535 1827 est,
570 1736 606 1808 in
641 1735 852 1809 universum
886 1737 1156 1809 recentissimos
1188 1761 1358 1834 quosque

227 1860 327 1932 viros
354 1859 485 1932 doctos
512 1858 548 1930 in
577 1882 623 1930 ea
651 1883 734 1931 esse
762 1857 957 1948 sententia,
987 1873 1027 1931 ut
1050 1859 1099 1931 ad
1123 1856 1381 1960 prae-Socra

227 1981 338 2055 ticam
373 1979 647 2076 philosophiam
681 1977 971 2075 intellegendam
1006 1978 1201 2075 plurimum
1232 1977 1358 2051 valere

226 2103 437 2176 existiment
464 2100 712 2197 Orphicorum
740 2100 989 2174 doctrinarum
1017 2098 1317 2199 cognitionem&

286 2371 318 2422 2.
350 2346 405 2437 Ei,
436 2347 497 2444 qui
521 2346 681 2442 quidde
705 2345 937 2442 Orphicis
959 2346 1094 2420 sentiat
1118 2346 1244 2418 Ptnro
1266 2345 1357 2419 scire

230 2469 342 2566 cupit,
367 2495 450 2542 cum
476 2467 677 2568 certissima
701 2492 875 2564 quaeque
898 2467 1140 2540 fundamento
1156 2492 1238 2542 esse
1253 2491 1359 2563 opor-

230 2605 322 2680 teat,
333 2587 359 2686 ³)
382 2591 431 2664 ab
454 2591 496 2663 iis
519 2588 608 2663 locis
632 2588 940 2685 proficiscendum
962 2605 1030 2680 est,
1056 2589 1189 2686 quibus
1202 2589 1264 2664 vei
1283 2589 1360 2662 Or·

231 2713 377 2809 pheus
389 2712 451 2785 vel
468 2711 529 2785 Or
536 2711 658 2808 phici
680 2711 830 2784 nomine
840 2711 1053 2786 afferuntur.
1070 2711 1165 2784 Sunt
1174 2727 1300 2784 autem
1311 2711 1359 2783 hi:

286 2834 458 2930 Sympos.
504 2855 574 2928 179
591 2832 646 2905 D:
684 2828 801 2936 Ὀρφέα
835 2831 871 2910 δὲ
905 2833 959 2910 τὸν
988 2836 1129 2938 Οἰάγρου
1159 2833 1257 2918 α’τελῆ
1285 2832 1363 2910 α’πέ·

232 2971 364 3060 πεμψαν
406 2959 440 3048 ἐξ
472 2951 598 3057 Ἀιδον,
634 2951 752 3057 φάσμα
789 2957 948 3046 δείξαντες
984 2968 1042 3045 τῆς
1068 2955 1223 3058 γυναικὸς
1250 2949 1295 3056 ἐφ’
1322 2949 1362 3037 ἦν

233 3071 324 3167 ἧκεν,
363 3074 465 3162 αὐτὴν
502 3075 538 3152 δὲ
574 3073 610 3153 οὐ
648 3076 769 3167 δόντες,
802 3075 848 3152 ὅτι
875 3080 1136 3178 μαλθακιζεσθαι
1164 3077 1278 3166 ἐδόκει,
1307 3071 1362 3152 οἵτε

234 3200 278 3276 ὣν
317 3197 508 3302 κιθαρῳδός,
547 3205 603 3274 καὶ
640 3194 677 3273 οὐ
704 3203 830 3299 τολμᾶν
858 3192 952 3272 ἕνεκα
980 3205 1035 3273 τοῦ
1064 3194 1174 3301 έρωτος
1202 3195 1361 3302 ἀποθνῄσ-

235 3352 301 3398 κειν
329 3319 430 3423 ὥσπερ
452 3315 640 3410 Ἀλκηστις,
670 3313 759 3395 aritini
789 3321 1063 3422 διαμηχανᾶσθαι
1087 3331 1150 3413 ζων
1172 3323 1297 3397 εἰσιέναι
1321 3324 1362 3411 εἰς

230 3439 355 3520 'Arcton
383 3445 540 3544 τοιγάρτοι
568 3435 624 3518 διὰ
646 3448 751 3517 ταῦτα
774 3442 870 3528 δίκην
893 3437 978 3544 αὑτῳ
999 3442 1160 3542 ἐπέθεσαν,
1183 3447 1239 3518 καὶ
1259 3443 1364 3530 ἐποιή·

234 3595 297 3642 σαν
333 3563 387 3638 τὸν
421 3561 559 3639 θάνατον
588 3558 686 3638 αὑτοῦ
713 3561 772 3638 ὑπὸ
799 3592 963 3664 γνναικων
989 3561 1150 3664 γενέσθαι,
1173 3559 1237 3665 οὑχ
1263 3560 1364 3666 ὥσπερ

237 3681 392 3788 Ἀχιλλέα
428 3684 482 3759 τὸν
517 3695 575 3774 τῆς
612 3681 746 3774 Θέτιδος
778 3686 846 3761 υἱὸν
874 3685 1028 3784 ἐτίμησαν
1056 3690 1112 3760 καὶ
1140 3689 1181 3775 εἰς
1203 3682 1364 3788 μακάρων

235 3808 355 3894 νήσους
383 3803 573 3907 ἀπέπεμψαν
603 3809 702 3880 κ.τ.λ.

284 4113 309 4173 ι)
328 4107 368 4157 Cf.
394 4106 553 4156 Srrrrtmnt
570 4105 623 4155 o.l.
642 4119 703 4171 pag.
722 4101 770 4168 96:
792 4140 815 4170 ,,.
826 4139 851 4154 ..
869 4120 921 4154 von
942 4104 1092 4171 Orphikern
1110 4107 1165 4157 und
1184 4110 1284 4158 Leuten
1302 4110 1365 4159 thn-

240 4193 329 4244 lichen
347 4192 502 4258 Gelichters‚
521 4191 703 4242 Herakliteern
721 4191 776 4241 und
793 4190 960 4256 Sophisten.”

282 4280 311 4347 2)
329 4279 370 4330 Cf.
397 4279 508 4328 Mmru
533 4280 620 4345 verba,
644 4294 723 4343 supra
740 4277 792 4327 iam
810 4278 923 4344 laudata,
940 4293 995 4328 o.c.
1015 4295 1074 4344 pag.
1094 4290 1158 4345 752:
1180 4282 1264 4346 „Dem
1283 4281 1367 4332 Paral-

239 4366 354 4416 lelismus
372 4364 501 4414 zwischen
521 4364 624 4429 Orphik
640 4364 694 4414 und
710 4364 878 4428 Philosophie
894 4365 926 4414 ist
942 4380 1002 4414 man
1018 4374 1069 4415 erst
1086 4367 1277 4419 inletzterZeit
1287 4369 1368 4419 nither

240 4449 444 4519 getreten...,”
464 4467 541 4517 pagg.
563 4461 611 4516 735
632 4465 707 4517 sqq.:
728 4452 775 4516 „ln
795 4450 978 4501 Wirldichkeit
997 4452 1030 4502 ist
1049 4454 1117 4503 ohne
1136 4455 1246 4520 ,richtige
1265 4456 1368 4505 wardi-

240 4555 310 4604 gnng
335 4539 380 4589 der
405 4537 508 4602 Orphik
532 4538 574 4586 die
592 4537 752 4602 griechische
772 4536 973 4602 Entwickelung
991 4538 1036 4588 des
1056 4540 1174 4590 sechsten
1192 4542 1246 4590 und
1265 4541 1368 4592 stlniten

238 4625 435 4690 Jahrhunderts‚
454 4625 613 4674 nnmentlich
628 4625 670 4674 die
689 4625 735 4674 der
753 4624 930 4690 Philosophie‚
949 4641 995 4690 gar
1013 4626 1085 4676 nicht
1103 4643 1133 4676 zu
1151 4627 1315 4679 verstehen.’'

284 4711 514 4778 νᾶμα
