<?xml version="1.0" encoding="UTF-8"?>
<!DOCTYPE html PUBLIC "-//W3C//DTD XHTML 1.0 Transitional//EN"
    "http://www.w3.org/TR/xhtml1/DTD/xhtml1-transitional.dtd">
<html xmlns="http://www.w3.org/1999/xhtml" xml:lang="en" lang="en">
 <head>
  <title>
</title>
<meta http-equiv="Content-Type" content="text/html;charset=utf-8" />
  <meta name='ocr-system' content='tesseract 3.04.00' />
  <meta name='ocr-capabilities' content='ocr_page ocr_carea ocr_par ocr_line ocrx_word'/>
</head>
<body>
  <div class='ocr_page' id='page_1' title='image "./deplatonepraeso01woltgoog_0097.png"; bbox 0 0 3654 5564; ppageno 0'>
   <div class='ocr_carea' id='block_1_1' title="bbox 956 633 1006 704">
    <p class='ocr_par' dir='ltr' id='par_1_1' title="bbox 956 633 1006 704">
     <span class='ocr_line' id='line_1_1' title="bbox 956 633 1006 704; baseline 0 0"><span class='ocrx_word' id='word_1_1' title='bbox 956 633 1006 704; x_wconf 93' lang='lat'><strong>80</strong></span> 
     </span>
    </p>
   </div>
   <div class='ocr_carea' id='block_1_2' title="bbox 414 826 1581 2774">
    <p class='ocr_par' dir='ltr' id='par_1_2' title="bbox 414 826 1581 2774">
     <span class='ocr_line' id='line_1_2' title="bbox 414 826 1544 926; baseline 0.001 -24"><span class='ocrx_word' id='word_1_2' title='bbox 414 826 574 926; x_wconf 86' lang='lat' dir='ltr'><strong>vestigia</strong></span> <span class='ocrx_word' id='word_1_3' title='bbox 609 827 646 900; x_wconf 93' lang='lat' dir='ltr'><strong>in</strong></span> <span class='ocrx_word' id='word_1_4' title='bbox 686 826 843 900; x_wconf 89' lang='lat' dir='ltr'><strong>Homeri</strong></span> <span class='ocrx_word' id='word_1_5' title='bbox 880 841 918 900; x_wconf 89' lang='lat' dir='ltr'><strong>et</strong></span> <span class='ocrx_word' id='word_1_6' title='bbox 956 826 1113 902; x_wconf 90' lang='lat' dir='ltr'><strong>Hesiodi</strong></span> <span class='ocrx_word' id='word_1_7' title='bbox 1146 827 1368 902; x_wconf 88' lang='lat' dir='ltr'><strong>carminibus</strong></span> <span class='ocrx_word' id='word_1_8' title='bbox 1396 844 1544 921; x_wconf 80' lang='lat' dir='ltr'><strong>extant3</strong></span> 
     </span>
     <span class='ocr_line' id='line_1_3' title="bbox 415 948 1545 1047; baseline 0 -23"><span class='ocrx_word' id='word_1_9' title='bbox 415 952 451 1025; x_wconf 96' lang='lat' dir='ltr'><strong>in</strong></span> <span class='ocrx_word' id='word_1_10' title='bbox 480 951 692 1024; x_wconf 88' lang='lat' dir='ltr'><strong>universum</strong></span> <span class='ocrx_word' id='word_1_11' title='bbox 720 975 812 1024; x_wconf 89' lang='lat' dir='ltr'><strong>vero</strong></span> <span class='ocrx_word' id='word_1_12' title='bbox 840 950 877 1023; x_wconf 94' lang='lat' dir='ltr'><strong>hi</strong></span> <span class='ocrx_word' id='word_1_13' title='bbox 906 960 1043 1047; x_wconf 73' lang='lat' dir='ltr'><strong>poetae</strong></span> <span class='ocrx_word' id='word_1_14' title='bbox 1071 974 1137 1024; x_wconf 85' lang='lat' dir='ltr'><strong>eas</strong></span> <span class='ocrx_word' id='word_1_15' title='bbox 1165 950 1367 1026; x_wconf 91' lang='lat' dir='ltr'><strong>amiserunt</strong></span> <span class='ocrx_word' id='word_1_16' title='bbox 1395 966 1433 1025; x_wconf 93' lang='lat' dir='ltr'><strong>et</strong></span> <span class='ocrx_word' id='word_1_17' title='bbox 1457 948 1545 1025; x_wconf 90' lang='lat' dir='ltr'><strong>nihil</strong></span> 
     </span>
     <span class='ocr_line' id='line_1_4' title="bbox 416 1070 1581 1173; baseline -0.002 -25"><span class='ocrx_word' id='word_1_18' title='bbox 416 1075 642 1148; x_wconf 89' lang='lat' dir='ltr'><strong>retinuerunt</strong></span> <span class='ocrx_word' id='word_1_19' title='bbox 684 1073 751 1146; x_wconf 91' lang='lat' dir='ltr'><strong>nisi</strong></span> <span class='ocrx_word' id='word_1_20' title='bbox 795 1073 954 1146; x_wconf 87' lang='lat' dir='ltr'><strong>sormam</strong></span> <span class='ocrx_word' id='word_1_21' title='bbox 993 1072 1193 1170; x_wconf 85' lang='lat' dir='ltr'><strong>mythicam</strong></span> <span class='ocrx_word' id='word_1_22' title='bbox 1207 1109 1215 1166; x_wconf 81' lang='lat'>3</span> <span class='ocrx_word' id='word_1_23' title='bbox 1231 1070 1257 1172; x_wconf 88' lang='lat'><strong>¹)</strong></span> <span class='ocrx_word' id='word_1_24' title='bbox 1294 1099 1370 1173; x_wconf 93' lang='lat' dir='ltr'><strong>quo</strong></span> <span class='ocrx_word' id='word_1_25' title='bbox 1408 1074 1546 1149; x_wconf 86' lang='lat' dir='ltr'><strong>sactum</strong></span> <span class='ocrx_word' id='word_1_26' title='bbox 1576 1109 1581 1120; x_wconf 93' lang='lat'>·</span> 
     </span>
     <span class='ocr_line' id='line_1_5' title="bbox 415 1193 1544 1295; baseline 0 -25"><span class='ocrx_word' id='word_1_27' title='bbox 415 1211 484 1289; x_wconf 89' lang='lat' dir='ltr'><strong>cst,</strong></span> <span class='ocrx_word' id='word_1_28' title='bbox 520 1212 560 1271; x_wconf 93' lang='lat' dir='ltr'><strong>ut</strong></span> <span class='ocrx_word' id='word_1_29' title='bbox 587 1196 624 1269; x_wconf 94' lang='lat' dir='ltr'><strong>id</strong></span> <span class='ocrx_word' id='word_1_30' title='bbox 652 1196 755 1295; x_wconf 93' lang='lat' dir='ltr'><strong>quod</strong></span> <span class='ocrx_word' id='word_1_31' title='bbox 783 1193 985 1293; x_wconf 87' lang='lat' dir='ltr'><strong>symbolice</strong></span> <span class='ocrx_word' id='word_1_32' title='bbox 1013 1195 1152 1269; x_wconf 92' lang='lat' dir='ltr'><strong>dictum</strong></span> <span class='ocrx_word' id='word_1_33' title='bbox 1181 1221 1256 1269; x_wconf 92' lang='lat' dir='ltr'><strong>non</strong></span> <span class='ocrx_word' id='word_1_34' title='bbox 1284 1196 1424 1271; x_wconf 92' lang='lat' dir='ltr'><strong>malum</strong></span> <span class='ocrx_word' id='word_1_35' title='bbox 1452 1213 1544 1288; x_wconf 78' lang='lat' dir='ltr'><strong>crat,</strong></span> 
     </span>
     <span class='ocr_line' id='line_1_6' title="bbox 416 1315 1547 1418; baseline 0.001 -26"><span class='ocrx_word' id='word_1_36' title='bbox 416 1344 566 1418; x_wconf 90' lang='lat' dir='ltr'><strong>prorsus</strong></span> <span class='ocrx_word' id='word_1_37' title='bbox 590 1316 695 1392; x_wconf 89' lang='lat' dir='ltr'><strong>fieret</strong></span> <span class='ocrx_word' id='word_1_38' title='bbox 718 1317 882 1416; x_wconf 90' lang='lat' dir='ltr'><strong>impium.</strong></span> <span class='ocrx_word' id='word_1_39' title='bbox 909 1315 1125 1415; x_wconf 90' lang='lat' dir='ltr'><strong>Philosophi</strong></span> <span class='ocrx_word' id='word_1_40' title='bbox 1139 1334 1278 1411; x_wconf 83' lang='lat' dir='ltr'><strong>autem,</strong></span> <span class='ocrx_word' id='word_1_41' title='bbox 1293 1320 1547 1417; x_wconf 88' lang='lat' dir='ltr'><strong>imprimisque</strong></span> 
     </span>
     <span class='ocr_line' id='line_1_7' title="bbox 417 1440 1546 1541; baseline 0 -25"><span class='ocrx_word' id='word_1_42' title='bbox 417 1440 643 1541; x_wconf 79' lang='lat' dir='ltr'><strong>Orphici‚</strong></span> <span class='ocrx_word' id='word_1_43' title='bbox 668 1440 718 1515; x_wconf 90' lang='lat' dir='ltr'><strong>ad</strong></span> <span class='ocrx_word' id='word_1_44' title='bbox 742 1441 898 1539; x_wconf 89' lang='lat' dir='ltr'><strong>primam</strong></span> <span class='ocrx_word' id='word_1_45' title='bbox 918 1441 1014 1514; x_wconf 90' lang='lat' dir='ltr'><strong>hanc</strong></span> <span class='ocrx_word' id='word_1_46' title='bbox 1030 1441 1241 1538; x_wconf 92' lang='lat' dir='ltr'><strong>mythorum</strong></span> <span class='ocrx_word' id='word_1_47' title='bbox 1254 1443 1332 1515; x_wconf 92' lang='lat' dir='ltr'><strong>vim</strong></span> <span class='ocrx_word' id='word_1_48' title='bbox 1347 1442 1546 1534; x_wconf 77' lang='lat' dir='ltr'><strong>redierunt,</strong></span> 
     </span>
     <span class='ocr_line' id='line_1_8' title="bbox 416 1562 1546 1662; baseline -0.001 -23"><span class='ocrx_word' id='word_1_49' title='bbox 416 1581 481 1639; x_wconf 88' lang='lat' dir='ltr'><strong>aut</strong></span> <span class='ocrx_word' id='word_1_50' title='bbox 508 1563 621 1638; x_wconf 83' lang='lat' dir='ltr'><strong>etiam</strong></span> <span class='ocrx_word' id='word_1_51' title='bbox 644 1562 713 1660; x_wconf 92' lang='lat' dir='ltr'><strong>ipsi</strong></span> <span class='ocrx_word' id='word_1_52' title='bbox 738 1588 858 1637; x_wconf 90' lang='lat' dir='ltr'><strong>novos</strong></span> <span class='ocrx_word' id='word_1_53' title='bbox 880 1563 1029 1661; x_wconf 88' lang='lat' dir='ltr'><strong>mythos</strong></span> <span class='ocrx_word' id='word_1_54' title='bbox 1043 1562 1227 1638; x_wconf 90' lang='lat' dir='ltr'><strong>finxerunt</strong></span> <span class='ocrx_word' id='word_1_55' title='bbox 1240 1565 1290 1638; x_wconf 91' lang='lat' dir='ltr'><strong>ad</strong></span> <span class='ocrx_word' id='word_1_56' title='bbox 1304 1565 1546 1662; x_wconf 86' lang='lat' dir='ltr'><strong>exprimenda</strong></span> 
     </span>
     <span class='ocr_line' id='line_1_9' title="bbox 416 1684 1545 1785; baseline 0 -23"><span class='ocrx_word' id='word_1_57' title='bbox 416 1687 583 1785; x_wconf 88' lang='lat' dir='ltr'><strong>cogitata</strong></span> <span class='ocrx_word' id='word_1_58' title='bbox 618 1711 697 1759; x_wconf 89' lang='lat' dir='ltr'><strong>sua.</strong></span> <span class='ocrx_word' id='word_1_59' title='bbox 728 1684 1042 1783; x_wconf 88' lang='lat' dir='ltr'><strong>Vituperaverunt</strong></span> <span class='ocrx_word' id='word_1_60' title='bbox 1070 1711 1137 1760; x_wconf 90' lang='lat' dir='ltr'><strong>eos</strong></span> <span class='ocrx_word' id='word_1_61' title='bbox 1165 1687 1227 1783; x_wconf 93' lang='lat' dir='ltr'><strong>qui</strong></span> <span class='ocrx_word' id='word_1_62' title='bbox 1255 1686 1391 1784; x_wconf 91' lang='lat' dir='ltr'><strong>mythis</strong></span> <span class='ocrx_word' id='word_1_63' title='bbox 1419 1688 1545 1762; x_wconf 92' lang='lat' dir='ltr'><strong>abute-</strong></span> 
     </span>
     <span class='ocr_line' id='line_1_10' title="bbox 417 1806 1548 1909; baseline -0.001 -24"><span class='ocrx_word' id='word_1_64' title='bbox 417 1826 553 1901; x_wconf 77' lang='lat' dir='ltr'><strong>rentur,</strong></span> <span class='ocrx_word' id='word_1_65' title='bbox 583 1834 658 1882; x_wconf 93' lang='lat' dir='ltr'><strong>non</strong></span> <span class='ocrx_word' id='word_1_66' title='bbox 687 1809 750 1905; x_wconf 94' lang='lat' dir='ltr'><strong>qui</strong></span> <span class='ocrx_word' id='word_1_67' title='bbox 778 1825 987 1884; x_wconf 89' lang='lat' dir='ltr'><strong>uterentur:</strong></span> <span class='ocrx_word' id='word_1_68' title='bbox 1003 1806 1030 1906; x_wconf 77' lang='lat'><strong>¹)</strong></span> <span class='ocrx_word' id='word_1_69' title='bbox 1058 1809 1127 1906; x_wconf 91' lang='lat' dir='ltr'><strong>ipsi</strong></span> <span class='ocrx_word' id='word_1_70' title='bbox 1156 1810 1210 1883; x_wconf 94' lang='lat' dir='ltr'><strong>usi</strong></span> <span class='ocrx_word' id='word_1_71' title='bbox 1238 1825 1335 1902; x_wconf 89' lang='lat' dir='ltr'><strong>sunt,</strong></span> <span class='ocrx_word' id='word_1_72' title='bbox 1365 1826 1404 1884; x_wconf 91' lang='lat' dir='ltr'><strong>et</strong></span> <span class='ocrx_word' id='word_1_73' title='bbox 1432 1811 1548 1909; x_wconf 89' lang='lat' dir='ltr'><strong>mythi</strong></span> 
     </span>
     <span class='ocr_line' id='line_1_11' title="bbox 417 1930 1551 2030; baseline -0.002 -22"><span class='ocrx_word' id='word_1_74' title='bbox 417 1948 524 2008; x_wconf 90' lang='lat' dir='ltr'><strong>erant</strong></span> <span class='ocrx_word' id='word_1_75' title='bbox 564 1932 606 2005; x_wconf 92' lang='lat' dir='ltr'><strong>iis</strong></span> <span class='ocrx_word' id='word_1_76' title='bbox 643 1956 729 2029; x_wconf 93' lang='lat' dir='ltr'><strong>pars</strong></span> <span class='ocrx_word' id='word_1_77' title='bbox 767 1930 1037 2030; x_wconf 89' lang='lat' dir='ltr'><strong>philosophiae,</strong></span> <span class='ocrx_word' id='word_1_78' title='bbox 1076 1931 1112 2004; x_wconf 95' lang='lat' dir='ltr'><strong>id</strong></span> <span class='ocrx_word' id='word_1_79' title='bbox 1150 1932 1251 2029; x_wconf 93' lang='lat' dir='ltr'><strong>quod</strong></span> <span class='ocrx_word' id='word_1_80' title='bbox 1289 1959 1335 2008; x_wconf 87' lang='lat' dir='ltr'><strong>ex</strong></span> <span class='ocrx_word' id='word_1_81' title='bbox 1372 1933 1460 2030; x_wconf 90' lang='lat' dir='ltr'><strong>ipsis</strong></span> <span class='ocrx_word' id='word_1_82' title='bbox 1497 1934 1551 2008; x_wconf 91' lang='lat' dir='ltr'><strong>eis</strong></span> 
     </span>
     <span class='ocr_line' id='line_1_12' title="bbox 418 2054 1550 2155; baseline 0 -27"><span class='ocrx_word' id='word_1_83' title='bbox 418 2081 515 2155; x_wconf 89' lang='lat' dir='ltr'><strong>quae</strong></span> <span class='ocrx_word' id='word_1_84' title='bbox 542 2054 679 2129; x_wconf 87' lang='lat' dir='ltr'><strong>tradita</strong></span> <span class='ocrx_word' id='word_1_85' title='bbox 707 2070 804 2147; x_wconf 86' lang='lat' dir='ltr'><strong>sunt,</strong></span> <span class='ocrx_word' id='word_1_86' title='bbox 832 2069 1011 2152; x_wconf 91' lang='lat' dir='ltr'><strong>apparet:</strong></span> <span class='ocrx_word' id='word_1_87' title='bbox 1041 2054 1090 2128; x_wconf 91' lang='lat' dir='ltr'><strong>de</strong></span> <span class='ocrx_word' id='word_1_88' title='bbox 1112 2054 1398 2152; x_wconf 87' lang='lat' dir='ltr'><strong>Xenophane</strong></span> <span class='ocrx_word' id='word_1_89' title='bbox 1419 2056 1550 2130; x_wconf 91' lang='lat' dir='ltr'><strong>audias</strong></span> 
     </span>
     <span class='ocr_line' id='line_1_13' title="bbox 418 2177 1550 2277; baseline 0.001 -26"><span class='ocrx_word' id='word_1_90' title='bbox 418 2180 626 2252; x_wconf 73' lang='lat' dir='ltr'><strong>Pmomu</strong></span> <span class='ocrx_word' id='word_1_91' title='bbox 652 2177 768 2277; x_wconf 93' lang='lat' dir='ltr'><strong>Soph.</strong></span> <span class='ocrx_word' id='word_1_92' title='bbox 797 2203 870 2272; x_wconf 86' lang='lat'><strong>242</strong></span> <span class='ocrx_word' id='word_1_93' title='bbox 888 2179 931 2252; x_wconf 89' lang='lat' dir='ltr'><strong>C.</strong></span> <span class='ocrx_word' id='word_1_94' title='bbox 956 2203 1063 2275; x_wconf 90' lang='lat' dir='ltr'><strong>sqq:</strong></span> <span class='ocrx_word' id='word_1_95' title='bbox 1083 2192 1162 2256; x_wconf 87' lang='grc' dir='ltr'><strong>ΞΕ.</strong></span> <span class='ocrx_word' id='word_1_96' title='bbox 1180 2178 1334 2277; x_wconf 89' lang='lat' dir='ltr'><strong>(hospes</strong></span> <span class='ocrx_word' id='word_1_97' title='bbox 1349 2179 1550 2277; x_wconf 87' lang='lat' dir='ltr'><strong>Eleaticus)</strong></span> 
     </span>
     <span class='ocr_line' id='line_1_14' title="bbox 420 2299 1551 2406; baseline 0.001 -27"><span class='ocrx_word' id='word_1_98' title='bbox 420 2299 574 2394; x_wconf 78' lang='grc' dir='ltr'>Εὐκόλως</span> <span class='ocrx_word' id='word_1_99' title='bbox 610 2334 667 2404; x_wconf 87' lang='grc' dir='ltr'><strong>μοι</strong></span> <span class='ocrx_word' id='word_1_100' title='bbox 704 2304 796 2379; x_wconf 85' lang='grc' dir='ltr'>δοκεῖ</span> <span class='ocrx_word' id='word_1_101' title='bbox 830 2305 1038 2406; x_wconf 68' lang='grc' dir='ltr'>Παρμενίδης</span> <span class='ocrx_word' id='word_1_102' title='bbox 1075 2307 1155 2404; x_wconf 73' lang='grc' dir='ltr'>’ἡμῖν</span> <span class='ocrx_word' id='word_1_103' title='bbox 1194 2303 1369 2406; x_wconf 77' lang='grc' dir='ltr'>διειλέχθαι</span> <span class='ocrx_word' id='word_1_104' title='bbox 1402 2309 1459 2380; x_wconf 79' lang='grc' dir='ltr'><strong>καὶ</strong></span> <span class='ocrx_word' id='word_1_105' title='bbox 1487 2313 1551 2393; x_wconf 78' lang='grc' dir='ltr'>παῖς</span> 
     </span>
     <span class='ocr_line' id='line_1_15' title="bbox 419 2419 1551 2529; baseline 0 -29"><span class='ocrx_word' id='word_1_106' title='bbox 419 2423 503 2515; x_wconf 75' lang='grc' dir='ltr'>ὅστις</span> <span class='ocrx_word' id='word_1_107' title='bbox 541 2421 663 2502; x_wconf 80' lang='grc' dir='ltr'>ιιῶιιοτε</span> <span class='ocrx_word' id='word_1_108' title='bbox 700 2426 747 2501; x_wconf 85' lang='grc' dir='ltr'><strong>ἐπὶ</strong></span> <span class='ocrx_word' id='word_1_109' title='bbox 783 2430 886 2527; x_wconf 79' lang='grc' dir='ltr'>κρίσιν</span> <span class='ocrx_word' id='word_1_110' title='bbox 920 2422 1047 2528; x_wconf 77' lang='grc' dir='ltr'>ὥρμησε</span> <span class='ocrx_word' id='word_1_111' title='bbox 1080 2432 1136 2500; x_wconf 78' lang='grc' dir='ltr'><strong>τοὺΙ</strong></span> <span class='ocrx_word' id='word_1_112' title='bbox 1171 2419 1212 2500; x_wconf 81' lang='lat' dir='ltr'><strong>roi</strong></span> <span class='ocrx_word' id='word_1_113' title='bbox 1241 2423 1321 2501; x_wconf 72' lang='grc' dir='ltr'>ὄντα</span> <span class='ocrx_word' id='word_1_114' title='bbox 1349 2429 1551 2529; x_wconf 77' lang='grc' dir='ltr'>διορίσασθαι</span> 
     </span>
     <span class='ocr_line' id='line_1_16' title="bbox 418 2543 874 2624; baseline -0.007 0"><span class='ocrx_word' id='word_1_115' title='bbox 418 2545 503 2624; x_wconf 73' lang='grc' dir='ltr'>πόσα</span> <span class='ocrx_word' id='word_1_116' title='bbox 531 2578 564 2622; x_wconf 95' lang='grc' dir='ltr'><strong>τε</strong></span> <span class='ocrx_word' id='word_1_117' title='bbox 593 2549 648 2622; x_wconf 76' lang='grc' dir='ltr'><strong>καὶ</strong></span> <span class='ocrx_word' id='word_1_118' title='bbox 676 2543 753 2622; x_wconf 81' lang='grc' dir='ltr'>ποῖαί</span> <span class='ocrx_word' id='word_1_119' title='bbox 779 2547 874 2623; x_wconf 83' lang='grc' dir='ltr'>ἐστιν.</span> 
     </span>
     <span class='ocr_line' id='line_1_17' title="bbox 473 2680 695 2774; baseline -0.014 -27"><span class='ocrx_word' id='word_1_120' title='bbox 473 2680 591 2747; x_wconf 76' lang='lat' dir='ltr'><strong>ouri.</strong></span> <span class='ocrx_word' id='word_1_121' title='bbox 620 2681 695 2774; x_wconf 68' lang='lat' dir='ltr'><strong>flii</strong></span> 
     </span>
    </p>
   </div>
   <div class='ocr_carea' id='block_1_3' title="bbox 418 2783 1552 3503">
    <p class='ocr_par' dir='ltr' id='par_1_3' title="bbox 418 2783 1552 3503">
     <span class='ocr_line' id='line_1_18' title="bbox 472 2783 1549 2894; baseline 0 -28"><span class='ocrx_word' id='word_1_122' title='bbox 472 2799 540 2868; x_wconf 89' lang='grc' dir='ltr'><strong>ΞΕ.</strong></span> <span class='ocrx_word' id='word_1_123' title='bbox 568 2785 741 2886; x_wconf 53' lang='grc' dir='ltr'>Μῡθδνῧ)</span> <span class='ocrx_word' id='word_1_124' title='bbox 765 2820 837 2866; x_wconf 89' lang='grc' dir='ltr'>τινα</span> <span class='ocrx_word' id='word_1_125' title='bbox 860 2783 992 2880; x_wconf 81' lang='grc' dir='ltr'>ἕκαστος</span> <span class='ocrx_word' id='word_1_126' title='bbox 1015 2795 1163 2893; x_wconf 82' lang='grc' dir='ltr'>φαίνεταί</span> <span class='ocrx_word' id='word_1_127' title='bbox 1177 2821 1232 2894; x_wconf 79' lang='grc' dir='ltr'><strong>μοι</strong></span> <span class='ocrx_word' id='word_1_128' title='bbox 1247 2791 1426 2894; x_wconf 79' lang='grc' dir='ltr'>διηγεῖσθαι</span> <span class='ocrx_word' id='word_1_129' title='bbox 1440 2797 1549 2870; x_wconf 81' lang='grc' dir='ltr'>παισὶν</span> 
     </span>
     <span class='ocr_line' id='line_1_19' title="bbox 419 2897 1552 3016; baseline -0.003 -24"><span class='ocrx_word' id='word_1_130' title='bbox 419 2919 464 3006; x_wconf 82' lang='grc' dir='ltr'><strong>ὧς</strong></span> <span class='ocrx_word' id='word_1_131' title='bbox 495 2897 585 2990; x_wconf 72' lang='grc' dir='ltr'>σθσιν</span> <span class='ocrx_word' id='word_1_132' title='bbox 612 2916 708 3014; x_wconf 76' lang='grc' dir='ltr'>ἡμῖν,</span> <span class='ocrx_word' id='word_1_133' title='bbox 735 2917 753 2987; x_wconf 88' lang='lat' dir='ltr'><strong>o‘</strong></span> <span class='ocrx_word' id='word_1_134' title='bbox 780 2909 839 3014; x_wconf 78' lang='grc' dir='ltr'><strong>μὲν</strong></span> <span class='ocrx_word' id='word_1_135' title='bbox 868 2915 911 3002; x_wconf 84' lang='grc' dir='ltr'><strong>ὡς</strong></span> <span class='ocrx_word' id='word_1_136' title='bbox 937 2918 1012 3016; x_wconf 87' lang='grc' dir='ltr'>τρία</span> <span class='ocrx_word' id='word_1_137' title='bbox 1038 2907 1079 2988; x_wconf 80' lang='lat' dir='ltr'><strong>roi</strong></span> <span class='ocrx_word' id='word_1_138' title='bbox 1107 2909 1200 3013; x_wconf 80' lang='grc' dir='ltr'>’σ’ντα,</span> <span class='ocrx_word' id='word_1_139' title='bbox 1227 2920 1362 3015; x_wconf 79' lang='grc' dir='ltr'>πολεμεῖ</span> <span class='ocrx_word' id='word_1_140' title='bbox 1385 2911 1420 2990; x_wconf 76' lang='grc' dir='ltr'><strong>δὲ</strong></span> <span class='ocrx_word' id='word_1_141' title='bbox 1446 2911 1552 2997; x_wconf 63' lang='lat' dir='ltr'><strong>eliti-</strong></span> 
     </span>
     <span class='ocr_line' id='line_1_20' title="bbox 420 3028 1552 3142; baseline -0.001 -29"><span class='ocrx_word' id='word_1_142' title='bbox 420 3043 487 3128; x_wconf 84' lang='grc' dir='ltr'>λσις</span> <span class='ocrx_word' id='word_1_143' title='bbox 523 3037 617 3112; x_wconf 88' lang='grc' dir='ltr'>ἐνίοτε</span> <span class='ocrx_word' id='word_1_144' title='bbox 655 3029 761 3111; x_wconf 74' lang='grc' dir='ltr'>αὐτῶν</span> <span class='ocrx_word' id='word_1_145' title='bbox 808 3028 891 3110; x_wconf 78' lang='grc' dir='ltr'>ἅττα</span> <span class='ocrx_word' id='word_1_146' title='bbox 926 3065 986 3142; x_wconf 69' lang='grc' dir='ltr'><strong>περ,</strong></span> <span class='ocrx_word' id='word_1_147' title='bbox 1019 3032 1086 3110; x_wconf 84' lang='grc' dir='ltr'><strong>τοτὲ</strong></span> <span class='ocrx_word' id='word_1_148' title='bbox 1119 3032 1155 3112; x_wconf 79' lang='grc' dir='ltr'><strong>δὲ</strong></span> <span class='ocrx_word' id='word_1_149' title='bbox 1185 3041 1240 3112; x_wconf 83' lang='grc' dir='ltr'><strong>καὶ</strong></span> <span class='ocrx_word' id='word_1_150' title='bbox 1268 3039 1348 3137; x_wconf 67' lang='lat' dir='ltr'><strong>prior</strong></span> <span class='ocrx_word' id='word_1_151' title='bbox 1373 3035 1552 3138; x_wconf 74' lang='grc' dir='ltr'>γιγνόμενα</span> 
     </span>
     <span class='ocr_line' id='line_1_21' title="bbox 418 3151 1548 3263; baseline -0.003 -27"><span class='ocrx_word' id='word_1_152' title='bbox 418 3157 547 3263; x_wconf 72' lang='grc' dir='ltr'><strong>γάμους</strong></span> <span class='ocrx_word' id='word_1_153' title='bbox 582 3188 612 3233; x_wconf 84' lang='grc' dir='ltr'><strong>τε</strong></span> <span class='ocrx_word' id='word_1_154' title='bbox 647 3162 703 3234; x_wconf 81' lang='grc' dir='ltr'><strong>καὶ</strong></span> <span class='ocrx_word' id='word_1_155' title='bbox 732 3155 846 3248; x_wconf 76' lang='grc' dir='ltr'>τέκονς</span> <span class='ocrx_word' id='word_1_156' title='bbox 876 3159 935 3233; x_wconf 80' lang='grc' dir='ltr'>καί</span> <span class='ocrx_word' id='word_1_157' title='bbox 958 3151 1076 3260; x_wconf 74' lang='grc' dir='ltr'>τροφὰς</span> <span class='ocrx_word' id='word_1_158' title='bbox 1103 3172 1165 3233; x_wconf 82' lang='grc' dir='ltr'><strong>τῶν</strong></span> <span class='ocrx_word' id='word_1_159' title='bbox 1194 3156 1335 3259; x_wconf 77' lang='grc' dir='ltr'>ἐκγόνων</span> <span class='ocrx_word' id='word_1_160' title='bbox 1364 3157 1548 3262; x_wconf 82' lang='grc' dir='ltr'>παρέχεται·</span> 
     </span>
     <span class='ocr_line' id='line_1_22' title="bbox 419 3275 1549 3383; baseline -0.004 -24"><span class='ocrx_word' id='word_1_161' title='bbox 419 3277 480 3360; x_wconf 71' lang='lat' dir='ltr'><strong>tio</strong></span> <span class='ocrx_word' id='word_1_162' title='bbox 507 3279 543 3358; x_wconf 86' lang='grc' dir='ltr'><strong>δὲ</strong></span> <span class='ocrx_word' id='word_1_163' title='bbox 571 3275 671 3382; x_wconf 83' lang='grc' dir='ltr'>ἕτερος</span> <span class='ocrx_word' id='word_1_164' title='bbox 698 3277 804 3380; x_wconf 73' lang='grc' dir='ltr'>εἰπών,</span> <span class='ocrx_word' id='word_1_165' title='bbox 832 3278 928 3382; x_wconf 78' lang='grc' dir='ltr'>δγρδν</span> <span class='ocrx_word' id='word_1_166' title='bbox 958 3280 1015 3356; x_wconf 85' lang='grc' dir='ltr'><strong>καὶ</strong></span> <span class='ocrx_word' id='word_1_167' title='bbox 1040 3279 1137 3383; x_wconf 83' lang='grc' dir='ltr'>ξηρδν</span> <span class='ocrx_word' id='word_1_168' title='bbox 1163 3278 1183 3360; x_wconf 76' lang='lat' dir='ltr'><strong>tl</strong></span> <span class='ocrx_word' id='word_1_169' title='bbox 1209 3277 1323 3382; x_wconf 70' lang='grc' dir='ltr'>θερμὸν</span> <span class='ocrx_word' id='word_1_170' title='bbox 1338 3280 1394 3356; x_wconf 85' lang='grc' dir='ltr'><strong>καὶ</strong></span> <span class='ocrx_word' id='word_1_171' title='bbox 1410 3278 1549 3382; x_wconf 74' lang='grc' dir='ltr'>ψυχρόν,</span> 
     </span>
     <span class='ocr_line' id='line_1_23' title="bbox 420 3393 1551 3503; baseline -0.005 -21"><span class='ocrx_word' id='word_1_172' title='bbox 420 3407 588 3497; x_wconf 85' lang='grc' dir='ltr'>σννοικίζει</span> <span class='ocrx_word' id='word_1_173' title='bbox 624 3432 656 3477; x_wconf 87' lang='grc' dir='ltr'><strong>τε</strong></span> <span class='ocrx_word' id='word_1_174' title='bbox 685 3396 769 3477; x_wconf 77' lang='grc' dir='ltr'>αὐτὰ</span> <span class='ocrx_word' id='word_1_175' title='bbox 798 3401 858 3477; x_wconf 81' lang='grc' dir='ltr'><strong>και1</strong></span> <span class='ocrx_word' id='word_1_176' title='bbox 884 3402 1060 3479; x_wconf 86' lang='grc' dir='ltr'>ἐκδίδωσι·</span> <span class='ocrx_word' id='word_1_177' title='bbox 1090 3401 1126 3476; x_wconf 84' lang='grc' dir='ltr'><strong>τδ</strong></span> <span class='ocrx_word' id='word_1_178' title='bbox 1155 3398 1191 3476; x_wconf 79' lang='grc' dir='ltr'><strong>δὲ</strong></span> <span class='ocrx_word' id='word_1_179' title='bbox 1218 3397 1294 3503; x_wconf 83' lang='grc' dir='ltr'>παρ’</span> <span class='ocrx_word' id='word_1_180' title='bbox 1327 3405 1406 3502; x_wconf 68' lang='grc' dir='ltr'><strong>ἡμῖν</strong></span> <span class='ocrx_word' id='word_1_181' title='bbox 1435 3393 1551 3477; x_wconf 86' lang='grc' dir='ltr'>Ἐλεα-</span> 
     </span>
    </p>
   </div>
   <div class='ocr_carea' id='block_1_4' title="bbox 420 3642 1553 4757">
    <p class='ocr_par' dir='ltr' id='par_1_4' title="bbox 420 3642 1553 4042">
     <span class='ocr_line' id='line_1_24' title="bbox 468 3642 1550 3713; baseline -0.001 -17"><span class='ocrx_word' id='word_1_182' title='bbox 468 3644 494 3713; x_wconf 89' lang='lat'><strong>1)</strong></span> <span class='ocrx_word' id='word_1_183' title='bbox 513 3647 630 3696; x_wconf 75' lang='lat' dir='ltr'><strong>Boucxrr</strong></span> <span class='ocrx_word' id='word_1_184' title='bbox 653 3659 677 3693; x_wconf 93' lang='grc' dir='ltr'><strong>ο.</strong></span> <span class='ocrx_word' id='word_1_185' title='bbox 688 3642 706 3693; x_wconf 90' lang='lat' dir='ltr'><strong>l.</strong></span> <span class='ocrx_word' id='word_1_186' title='bbox 726 3659 786 3708; x_wconf 81' lang='lat' dir='ltr'><strong>pag.</strong></span> <span class='ocrx_word' id='word_1_187' title='bbox 806 3651 871 3707; x_wconf 80' lang='lat'>539:</span> <span class='ocrx_word' id='word_1_188' title='bbox 892 3643 939 3707; x_wconf 81' lang='lat' dir='ltr'><strong>„ln</strong></span> <span class='ocrx_word' id='word_1_189' title='bbox 958 3643 1084 3694; x_wconf 82' lang='lat' dir='ltr'><strong>welchem</strong></span> <span class='ocrx_word' id='word_1_190' title='bbox 1103 3643 1189 3694; x_wconf 76' lang='lat' dir='ltr'><strong>Grtde</strong></span> <span class='ocrx_word' id='word_1_191' title='bbox 1207 3644 1253 3694; x_wconf 88' lang='lat' dir='ltr'><strong>der</strong></span> <span class='ocrx_word' id='word_1_192' title='bbox 1271 3645 1469 3710; x_wconf 79' lang='lat' dir='ltr'><strong>urspn&#39;ingliche</strong></span> <span class='ocrx_word' id='word_1_193' title='bbox 1485 3645 1550 3696; x_wconf 88' lang='lat' dir='ltr'><strong>Sinn</strong></span> 
     </span>
     <span class='ocr_line' id='line_1_25' title="bbox 420 3730 1552 3797; baseline -0.001 -14"><span class='ocrx_word' id='word_1_194' title='bbox 420 3733 467 3784; x_wconf 90' lang='lat' dir='ltr'><strong>der</strong></span> <span class='ocrx_word' id='word_1_195' title='bbox 491 3732 601 3797; x_wconf 89' lang='lat' dir='ltr'><strong>Mythen</strong></span> <span class='ocrx_word' id='word_1_196' title='bbox 623 3731 666 3780; x_wconf 89' lang='lat' dir='ltr'><strong>bei</strong></span> <span class='ocrx_word' id='word_1_197' title='bbox 685 3731 808 3779; x_wconf 88' lang='lat' dir='ltr'><strong>Homer</strong></span> <span class='ocrx_word' id='word_1_198' title='bbox 826 3730 1019 3794; x_wconf 83' lang='lat' dir='ltr'><strong>geschwunden</strong></span> <span class='ocrx_word' id='word_1_199' title='bbox 1037 3731 1081 3797; x_wconf 80' lang='lat' dir='ltr'><strong>ist,</strong></span> <span class='ocrx_word' id='word_1_200' title='bbox 1099 3731 1168 3781; x_wconf 91' lang='lat' dir='ltr'><strong>sieht</strong></span> <span class='ocrx_word' id='word_1_201' title='bbox 1185 3747 1245 3781; x_wconf 80' lang='lat' dir='ltr'><strong>man</strong></span> <span class='ocrx_word' id='word_1_202' title='bbox 1264 3732 1406 3781; x_wconf 87' lang='lat' dir='ltr'><strong>besonders</strong></span> <span class='ocrx_word' id='word_1_203' title='bbox 1425 3733 1454 3781; x_wconf 90' lang='lat' dir='ltr'><strong>iu</strong></span> <span class='ocrx_word' id='word_1_204' title='bbox 1472 3740 1552 3783; x_wconf 76' lang='lat' dir='ltr'><strong>astro·</strong></span> 
     </span>
     <span class='ocr_line' id='line_1_26' title="bbox 420 3817 1551 3883; baseline -0.001 -12"><span class='ocrx_word' id='word_1_205' title='bbox 420 3817 789 3883; x_wconf 76' lang='lat' dir='ltr'><strong>nomisch·astrognostischen</strong></span> <span class='ocrx_word' id='word_1_206' title='bbox 808 3817 915 3882; x_wconf 84' lang='lat' dir='ltr'><strong>Dingen</strong></span> <span class='ocrx_word' id='word_1_207' title='bbox 917 3853 995 3868; x_wconf 88' lang='grc'><strong>.....</strong></span> <span class='ocrx_word' id='word_1_208' title='bbox 1013 3819 1060 3867; x_wconf 89' lang='lat' dir='ltr'><strong>Bei</strong></span> <span class='ocrx_word' id='word_1_209' title='bbox 1079 3818 1185 3868; x_wconf 88' lang='lat' dir='ltr'><strong>solchen</strong></span> <span class='ocrx_word' id='word_1_210' title='bbox 1203 3817 1313 3882; x_wconf 89' lang='lat' dir='ltr'><strong>Mythen</strong></span> <span class='ocrx_word' id='word_1_211' title='bbox 1328 3818 1396 3868; x_wconf 89' lang='lat' dir='ltr'><strong>siebt</strong></span> <span class='ocrx_word' id='word_1_212' title='bbox 1411 3819 1551 3870; x_wconf 81' lang='lat' dir='ltr'><strong>mandent·</strong></span> 
     </span>
     <span class='ocr_line' id='line_1_27' title="bbox 420 3903 1553 3974; baseline -0.002 -18"><span class='ocrx_word' id='word_1_213' title='bbox 420 3907 483 3974; x_wconf 80' lang='lat' dir='ltr'><strong>lich,</strong></span> <span class='ocrx_word' id='word_1_214' title='bbox 508 3905 567 3956; x_wconf 78' lang='lat' dir='ltr'><strong>dass</strong></span> <span class='ocrx_word' id='word_1_215' title='bbox 590 3904 637 3954; x_wconf 86' lang='lat' dir='ltr'><strong>der</strong></span> <span class='ocrx_word' id='word_1_216' title='bbox 660 3903 769 3955; x_wconf 84' lang='lat' dir='ltr'><strong>Dichter</strong></span> <span class='ocrx_word' id='word_1_217' title='bbox 792 3903 844 3953; x_wconf 86' lang='lat' dir='ltr'><strong>den</strong></span> <span class='ocrx_word' id='word_1_218' title='bbox 869 3903 935 3954; x_wconf 88' lang='lat' dir='ltr'><strong>Sinn</strong></span> <span class='ocrx_word' id='word_1_219' title='bbox 959 3903 1091 3954; x_wconf 83' lang='lat' dir='ltr'><strong>entweder</strong></span> <span class='ocrx_word' id='word_1_220' title='bbox 1114 3905 1187 3954; x_wconf 83' lang='lat' dir='ltr'><strong>nicht</strong></span> <span class='ocrx_word' id='word_1_221' title='bbox 1205 3904 1299 3954; x_wconf 83' lang='lat' dir='ltr'><strong>wissen</strong></span> <span class='ocrx_word' id='word_1_222' title='bbox 1317 3905 1381 3972; x_wconf 75' lang='lat' dir='ltr'><strong>will,</strong></span> <span class='ocrx_word' id='word_1_223' title='bbox 1398 3905 1461 3955; x_wconf 84' lang='lat' dir='ltr'><strong>oder</strong></span> <span class='ocrx_word' id='word_1_224' title='bbox 1480 3906 1553 3954; x_wconf 85' lang='lat' dir='ltr'><strong>nicht</strong></span> 
     </span>
     <span class='ocr_line' id='line_1_28' title="bbox 421 3989 614 4042; baseline -0.005 0"><span class='ocrx_word' id='word_1_225' title='bbox 421 3993 494 4042; x_wconf 88' lang='lat' dir='ltr'><strong>mehr</strong></span> <span class='ocrx_word' id='word_1_226' title='bbox 512 3989 614 4041; x_wconf 78' lang='lat' dir='ltr'><strong>weiss.&#39;’</strong></span> 
     </span>
    </p>

    <p class='ocr_par' dir='ltr' id='par_1_5' title="bbox 421 4076 1553 4406">
     <span class='ocr_line' id='line_1_29' title="bbox 467 4076 1551 4144; baseline 0 -16"><span class='ocrx_word' id='word_1_227' title='bbox 467 4084 495 4144; x_wconf 87' lang='lat'><strong>2)</strong></span> <span class='ocrx_word' id='word_1_228' title='bbox 514 4078 554 4128; x_wconf 85' lang='lat' dir='ltr'><strong>Cf.</strong></span> <span class='ocrx_word' id='word_1_229' title='bbox 573 4079 690 4126; x_wconf 76' lang='lat' dir='ltr'><strong>Botctffl</strong></span> <span class='ocrx_word' id='word_1_230' title='bbox 708 4093 732 4126; x_wconf 93' lang='lat' dir='ltr'><strong>o.</strong></span> <span class='ocrx_word' id='word_1_231' title='bbox 742 4076 760 4126; x_wconf 92' lang='lat'><strong>1.</strong></span> <span class='ocrx_word' id='word_1_232' title='bbox 780 4093 840 4142; x_wconf 82' lang='lat' dir='ltr'><strong>pag.</strong></span> <span class='ocrx_word' id='word_1_233' title='bbox 858 4086 922 4142; x_wconf 80' lang='lat'>540:</span> <span class='ocrx_word' id='word_1_234' title='bbox 941 4079 1008 4142; x_wconf 81' lang='lat' dir='ltr'><strong>„Die</strong></span> <span class='ocrx_word' id='word_1_235' title='bbox 1027 4078 1136 4128; x_wconf 68' lang='lat' dir='ltr'><strong>illesten</strong></span> <span class='ocrx_word' id='word_1_236' title='bbox 1152 4076 1340 4142; x_wconf 88' lang='lat' dir='ltr'><strong>Philosophen,</strong></span> <span class='ocrx_word' id='word_1_237' title='bbox 1356 4077 1399 4128; x_wconf 85' lang='lat' dir='ltr'><strong>die</strong></span> <span class='ocrx_word' id='word_1_238' title='bbox 1415 4077 1551 4129; x_wconf 87' lang='lat' dir='ltr'><strong>ioniscben</strong></span> 
     </span>
     <span class='ocr_line' id='line_1_30' title="bbox 421 4164 1553 4231; baseline 0 -15"><span class='ocrx_word' id='word_1_239' title='bbox 421 4166 471 4216; x_wconf 82' lang='lat' dir='ltr'><strong>wie</strong></span> <span class='ocrx_word' id='word_1_240' title='bbox 489 4165 531 4216; x_wconf 86' lang='lat' dir='ltr'><strong>die</strong></span> <span class='ocrx_word' id='word_1_241' title='bbox 550 4165 686 4214; x_wconf 80' lang='lat' dir='ltr'><strong>italischen</strong></span> <span class='ocrx_word' id='word_1_242' title='bbox 705 4164 759 4214; x_wconf 91' lang='lat' dir='ltr'><strong>und</strong></span> <span class='ocrx_word' id='word_1_243' title='bbox 778 4165 1006 4231; x_wconf 81' lang='lat' dir='ltr'><strong>Empedoltles</strong></span> <span class='ocrx_word' id='word_1_244' title='bbox 1025 4167 1165 4217; x_wconf 84' lang='lat' dir='ltr'><strong>benutzten</strong></span> <span class='ocrx_word' id='word_1_245' title='bbox 1184 4182 1230 4215; x_wconf 84' lang='lat' dir='ltr'><strong>aus</strong></span> <span class='ocrx_word' id='word_1_246' title='bbox 1249 4165 1397 4229; x_wconf 75' lang='lat' dir='ltr'><strong>religiosem</strong></span> <span class='ocrx_word' id='word_1_247' title='bbox 1417 4165 1481 4215; x_wconf 84' lang='lat' dir='ltr'><strong>sinn</strong></span> <span class='ocrx_word' id='word_1_248' title='bbox 1502 4167 1553 4216; x_wconf 87' lang='lat' dir='ltr'><strong>deu</strong></span> 
     </span>
     <span class='ocr_line' id='line_1_31' title="bbox 422 4250 1551 4318; baseline 0 -16"><span class='ocrx_word' id='word_1_249' title='bbox 422 4253 529 4317; x_wconf 89' lang='lat' dir='ltr'><strong>Mythos</strong></span> <span class='ocrx_word' id='word_1_250' title='bbox 553 4252 591 4301; x_wconf 83' lang='lat' dir='ltr'><strong>als</strong></span> <span class='ocrx_word' id='word_1_251' title='bbox 615 4250 785 4316; x_wconf 80' lang='lat' dir='ltr'><strong>allegorische</strong></span> <span class='ocrx_word' id='word_1_252' title='bbox 810 4252 888 4300; x_wconf 90' lang='lat' dir='ltr'><strong>Form</strong></span> <span class='ocrx_word' id='word_1_253' title='bbox 912 4252 981 4301; x_wconf 88' lang='lat' dir='ltr'><strong>ihrer</strong></span> <span class='ocrx_word' id='word_1_254' title='bbox 1000 4254 1112 4317; x_wconf 73' lang='lat' dir='ltr'><strong>Lehren,</strong></span> <span class='ocrx_word' id='word_1_255' title='bbox 1131 4251 1254 4301; x_wconf 74' lang='lat' dir='ltr'><strong>wthrend</strong></span> <span class='ocrx_word' id='word_1_256' title='bbox 1273 4251 1311 4301; x_wconf 88' lang='lat' dir='ltr'><strong>sie</strong></span> <span class='ocrx_word' id='word_1_257' title='bbox 1330 4251 1448 4317; x_wconf 87' lang='lat' dir='ltr'><strong>zugleich</strong></span> <span class='ocrx_word' id='word_1_258' title='bbox 1466 4268 1551 4318; x_wconf 84' lang='lat' dir='ltr'><strong>gegen</strong></span> 
     </span>
     <span class='ocr_line' id='line_1_32' title="bbox 422 4337 1382 4406; baseline 0 -18"><span class='ocrx_word' id='word_1_259' title='bbox 422 4338 465 4388; x_wconf 88' lang='lat' dir='ltr'><strong>die</strong></span> <span class='ocrx_word' id='word_1_260' title='bbox 484 4338 652 4388; x_wconf 87' lang='lat' dir='ltr'><strong>unsittlichen</strong></span> <span class='ocrx_word' id='word_1_261' title='bbox 672 4337 875 4403; x_wconf 88' lang='lat' dir='ltr'><strong>Vorstellungen</strong></span> <span class='ocrx_word' id='word_1_262' title='bbox 893 4339 939 4389; x_wconf 88' lang='lat' dir='ltr'><strong>des</strong></span> <span class='ocrx_word' id='word_1_263' title='bbox 958 4340 1169 4406; x_wconf 78' lang='lat' dir='ltr'><strong>Volksglaubens</strong></span> <span class='ocrx_word' id='word_1_264' title='bbox 1187 4337 1382 4403; x_wconf 74' lang='lat' dir='ltr'><strong>ank&#39;ampften.”</strong></span> 
     </span>
    </p>

    <p class='ocr_par' dir='ltr' id='par_1_6' title="bbox 421 4424 1553 4757">
     <span class='ocr_line' id='line_1_33' title="bbox 467 4424 1552 4492; baseline 0.002 -17"><span class='ocrx_word' id='word_1_265' title='bbox 467 4425 495 4492; x_wconf 86' lang='lat'><strong>3)</strong></span> <span class='ocrx_word' id='word_1_266' title='bbox 513 4425 581 4475; x_wconf 86' lang='lat' dir='ltr'><strong>Fieri</strong></span> <span class='ocrx_word' id='word_1_267' title='bbox 600 4424 691 4490; x_wconf 89' lang='lat' dir='ltr'><strong>utique</strong></span> <span class='ocrx_word' id='word_1_268' title='bbox 710 4433 797 4489; x_wconf 84' lang='lat' dir='ltr'><strong>potest</strong></span> <span class='ocrx_word' id='word_1_269' title='bbox 815 4454 851 4462; x_wconf 94' lang='lat'>—</span> <span class='ocrx_word' id='word_1_270' title='bbox 869 4441 936 4491; x_wconf 86' lang='lat' dir='ltr'><strong>quae</strong></span> <span class='ocrx_word' id='word_1_271' title='bbox 952 4427 1125 4478; x_wconf 81' lang='lat' dir='ltr'><strong>videturesse</strong></span> <span class='ocrx_word' id='word_1_272' title='bbox 1141 4427 1270 4476; x_wconf 81' lang='lat' dir='ltr'><strong>sententia</strong></span> <span class='ocrx_word' id='word_1_273' title='bbox 1287 4429 1401 4476; x_wconf 72' lang='lat' dir='ltr'><strong>Acuunt</strong></span> <span class='ocrx_word' id='word_1_274' title='bbox 1416 4427 1444 4476; x_wconf 88' lang='lat' dir='ltr'><strong>in</strong></span> <span class='ocrx_word' id='word_1_275' title='bbox 1460 4428 1501 4477; x_wconf 92' lang='lat' dir='ltr'><strong>ed.</strong></span> <span class='ocrx_word' id='word_1_276' title='bbox 1518 4428 1552 4477; x_wconf 79' lang='lat' dir='ltr'><strong>ad</strong></span> 
     </span>
     <span class='ocr_line' id='line_1_34' title="bbox 421 4511 1553 4583; baseline 0.004 -22"><span class='ocrx_word' id='word_1_277' title='bbox 421 4512 471 4562; x_wconf 89' lang='lat' dir='ltr'><strong>loc.</strong></span> <span class='ocrx_word' id='word_1_278' title='bbox 486 4511 530 4578; x_wconf 82' lang='lat' dir='ltr'><strong>(ei.</strong></span> <span class='ocrx_word' id='word_1_279' title='bbox 548 4512 665 4578; x_wconf 79' lang='lat' dir='ltr'><strong>Prolegg.</strong></span> <span class='ocrx_word' id='word_1_280' title='bbox 682 4528 742 4577; x_wconf 75' lang='lat' dir='ltr'><strong>pag.</strong></span> <span class='ocrx_word' id='word_1_281' title='bbox 752 4513 781 4579; x_wconf 88' lang='lat'><strong>9)</strong></span> <span class='ocrx_word' id='word_1_282' title='bbox 790 4541 833 4580; x_wconf 87' lang='lat'><strong>-,</strong></span> <span class='ocrx_word' id='word_1_283' title='bbox 843 4521 870 4563; x_wconf 88' lang='lat' dir='ltr'><strong>ut</strong></span> <span class='ocrx_word' id='word_1_284' title='bbox 881 4515 1008 4564; x_wconf 82' lang='lat' dir='ltr'><strong>vocabulo</strong></span> <span class='ocrx_word' id='word_1_285' title='bbox 1017 4516 1067 4566; x_wconf 92' lang='lat' dir='ltr'><strong>hoc</strong></span> <span class='ocrx_word' id='word_1_286' title='bbox 1076 4516 1119 4564; x_wconf 88' lang='lat' dir='ltr'><strong>hic</strong></span> <span class='ocrx_word' id='word_1_287' title='bbox 1130 4515 1259 4580; x_wconf 87' lang='lat' dir='ltr'><strong>vituperet</strong></span> <span class='ocrx_word' id='word_1_288' title='bbox 1270 4514 1361 4564; x_wconf 73' lang='lat' dir='ltr'><strong>Ptnro</strong></span> <span class='ocrx_word' id='word_1_289' title='bbox 1372 4515 1553 4583; x_wconf 85' lang='lat' dir='ltr'><strong>philosophos,</strong></span> 
     </span>
     <span class='ocr_line' id='line_1_35' title="bbox 421 4599 1552 4669; baseline 0.002 -20"><span class='ocrx_word' id='word_1_290' title='bbox 421 4601 493 4665; x_wconf 89' lang='lat' dir='ltr'><strong>quod</strong></span> <span class='ocrx_word' id='word_1_291' title='bbox 517 4602 607 4668; x_wconf 77' lang='grc' dir='ltr'>μύθους</span> <span class='ocrx_word' id='word_1_292' title='bbox 631 4599 794 4666; x_wconf 84' lang='lat' dir='ltr'><strong>tradiderint,</strong></span> <span class='ocrx_word' id='word_1_293' title='bbox 812 4601 857 4650; x_wconf 94' lang='lat' dir='ltr'><strong>ubi</strong></span> <span class='ocrx_word' id='word_1_294' title='bbox 875 4601 971 4665; x_wconf 85' lang='lat' dir='ltr'><strong>mythis</strong></span> <span class='ocrx_word' id='word_1_295' title='bbox 990 4619 1043 4652; x_wconf 89' lang='lat' dir='ltr'><strong>non</strong></span> <span class='ocrx_word' id='word_1_296' title='bbox 1063 4619 1129 4668; x_wconf 88' lang='lat' dir='ltr'><strong>opus</strong></span> <span class='ocrx_word' id='word_1_297' title='bbox 1148 4609 1226 4669; x_wconf 82' lang='lat' dir='ltr'><strong>esset,</strong></span> <span class='ocrx_word' id='word_1_298' title='bbox 1242 4601 1314 4667; x_wconf 89' lang='lat' dir='ltr'><strong>quod</strong></span> <span class='ocrx_word' id='word_1_299' title='bbox 1333 4618 1387 4651; x_wconf 87' lang='lat' dir='ltr'><strong>uon</strong></span> <span class='ocrx_word' id='word_1_300' title='bbox 1405 4604 1552 4653; x_wconf 80' lang='lat' dir='ltr'><strong>curaverint</strong></span> 
     </span>
     <span class='ocr_line' id='line_1_36' title="bbox 424 4687 1229 4757; baseline 0.006 -20"><span class='ocrx_word' id='word_1_301' title='bbox 424 4688 576 4752; x_wconf 77' lang='lat' dir='ltr'><strong>„notionum</strong></span> <span class='ocrx_word' id='word_1_302' title='bbox 594 4702 681 4737; x_wconf 79' lang='lat' dir='ltr'><strong>veram</strong></span> <span class='ocrx_word' id='word_1_303' title='bbox 699 4687 752 4736; x_wconf 80' lang='lat' dir='ltr'><strong>vim</strong></span> <span class='ocrx_word' id='word_1_304' title='bbox 770 4687 900 4738; x_wconf 83' lang='lat' dir='ltr'><strong>subtiliter</strong></span> <span class='ocrx_word' id='word_1_305' title='bbox 918 4689 1083 4742; x_wconf 51' lang='lat' dir='ltr'><strong>examinet&amp;</strong></span> <span class='ocrx_word' id='word_1_306' title='bbox 1102 4689 1229 4757; x_wconf 75' lang='lat' dir='ltr'><strong>(Arm).</strong></span> 
     </span>
    </p>
   </div>
   <div class='ocr_carea' id='block_1_5' title="bbox 0 0 1841 5564">
    <p class='ocr_par' dir='ltr' id='par_1_7' title="bbox 0 0 1841 5564">
     <span class='ocr_line' id='line_1_37' title="bbox 0 0 1841 5564; baseline 0 0"><span class='ocrx_word' id='word_1_307' title='bbox 0 0 1841 5564; x_wconf 95' lang='lat' dir='ltr'><strong> </strong></span> 
     </span>
    </p>
   </div>
  </div>
 </body>
</html>
