3724 5576
855 686 897 736 21

318 857 488 953 editionis
525 858 739 936 Platonicae
775 859 964 936 volumine
994 863 1154 955 addidit3
1182 889 1205 936 a
1233 889 1308 961 quo
1337 864 1366 936 si
1393 863 1443 937 di·

319 1005 490 1078 screpare
519 1006 645 1080 cogar,
674 1009 742 1057 suo
770 983 854 1058 loco
882 986 1198 1059 commemorabo.

371 1126 404 1198 5.
431 1103 563 1178 Altera
583 1105 752 1202 quaestio
776 1105 835 1180 ad
857 1131 1083 1180 verorum
1109 1105 1333 1181 Platonis
1356 1108 1443 1181 dia·

316 1224 540 1324 logorum
587 1228 763 1302 seriem
806 1244 1183 1327 temporumque
1224 1229 1443 1304 ordinem

315 1349 489 1446 pertinet,
520 1376 619 1449 quae
648 1350 794 1443 eadem,
820 1377 903 1425 cum
927 1377 973 1426 ex
996 1352 1152 1426 diversis
1174 1351 1332 1450 dialogis
1355 1352 1444 1450 quid

317 1471 451 1546 iudicet
487 1472 536 1547 de
571 1473 753 1571 prioribus
791 1475 930 1566 PnaTO,
968 1475 1133 1572 conquiri
1166 1499 1317 1549 necesse
1349 1474 1407 1566 sit,
1418 1471 1445 1573 ¹)

316 1596 443 1694 paucis
457 1595 529 1670 hoc
543 1594 626 1670 loco
642 1612 699 1671 est
713 1596 944 1695 attingenda.
958 1596 1181 1672 Difficillima
1192 1599 1285 1672 baec
1295 1622 1447 1694 quoque

315 1719 497 1816 quaestio,
527 1719 575 1794 de
603 1744 678 1818 qua
702 1719 893 1794 notissima
917 1735 975 1794 est
997 1719 1361 1794 Scunmanuncuum
1384 1717 1445 1793 illa

314 1857 351 1915 et
390 1841 604 1916 Humanum
642 1840 933 1940 controversia')
970 1858 1008 1918 et
1046 1842 1262 1917 Uuuunwnu
1298 1842 1445 1916 celebre

315 1990 420 2037 suum
449 1989 543 2063 opus
569 1965 713 2061 scripsit
734 1965 784 2038 ab
809 1963 1017 2038 Academia
1040 1964 1281 2040 Scientiarum
1306 1964 1444 2039 Vindo-

314 2087 468 2160 bonensi
506 2087 673 2184 praemio
710 2103 893 2178 ornatum,
927 2088 1039 2162 etiam
1068 2113 1164 2162 nunc
1192 2088 1358 2162 nondum
1387 2104 1445 2162 est

315 2209 363 2283 ad
391 2209 528 2283 exitum
557 2205 787 2307 perducta.³)
812 2210 923 2283 Hanc
937 2235 1028 2284 vero
1043 2211 1332 2308 disputationem
1347 2227 1446 2284 eate-

315 2357 383 2406 nus
421 2348 565 2408 tantum
603 2332 756 2432 attingit
791 2333 845 2440 ad
875 2358 1035 2431 eamque
1063 2333 1234 2430 pertinet,
1263 2349 1447 2430 quatenus

314 2453 420 2530 aliter
456 2455 537 2529 aliis
573 2455 609 2528 in
646 2455 821 2553 operibus
858 2455 907 2530 de
939 2457 1073 2530 eadem
1101 2482 1141 2530 re
1169 2472 1282 2554 atque
1310 2456 1445 2530 eadem

314 2577 481 2652 doctrina
518 2603 672 2653 censere
710 2578 919 2652 Pnarounu
957 2577 1163 2676 apparebit.
1195 2578 1309 2672 Quod
1337 2578 1366 2651 si
1393 2579 1446 2653 ita

313 2701 472 2792 eveniet,
488 2699 709 2776 sententiam
726 2725 862 2792 meam,
879 2701 1037 2798 siquam
1053 2700 1225 2792 habeam,
1237 2699 1443 2798 explicabo.

369 2828 403 2898 6.
435 2822 558 2898 Multo
595 2822 678 2921 plus
713 2822 763 2897 ad
792 2839 1053 2922 argumentum
1084 2824 1224 2898 habent
1253 2824 1443 2915 momenti,

314 2971 409 3043 quae
452 2945 510 3020 de
554 2943 779 3020 Platonis
823 2972 1023 3044 operum
1072 2945 1226 3020 lorma
1268 2943 1359 3021 sunt'
1394 2946 1443 3019 di-

313 3068 443 3143 cenda.
488 3069 530 3141 ln
572 3067 799 3166 explicandis
841 3069 1032 3144 doctrinae
1073 3068 1277 3142 rationibus
1317 3069 1443 3142 Pnn‘ro

312 3216 386 3265 non
424 3188 544 3264 solum
583 3191 751 3266 oratione
789 3205 972 3289 perpetua
1013 3215 1088 3265 non
1127 3207 1184 3265 est
1211 3217 1309 3282 usuS,
1321 3189 1349 3288 ⁴)
1377 3192 1444 3265 sed

358 3420 464 3489 1)Non
489 3421 572 3472 solum
597 3420 619 3470 si
643 3420 671 3470 in
695 3419 754 3470 aliis
778 3419 892 3486 dialogis
916 3420 992 3471 aliter
1016 3419 1122 3487 iudicat,
1140 3419 1168 3470 id
1186 3419 1265 3470 dubia
1283 3425 1380 3486 movet,
1398 3418 1444 3470 sed

311 3510 388 3560 etiam
412 3523 488 3560 verae
513 3507 658 3574 cognitioni
682 3508 777 3572 obstat,
802 3508 873 3573 quod
897 3507 960 3558 licet
984 3523 1011 3557 re
1036 3523 1098 3560 vera
1115 3506 1272 3557 sententiam
1290 3521 1344 3556 non
1362 3513 1443 3556 muta·

311 3597 388 3663 verit,
404 3595 471 3646 alius
489 3603 528 3645 est
547 3596 575 3645 in
592 3595 651 3646 aliis
670 3595 832 3646 sermonibus
847 3610 932 3645 rerum
947 3602 1038 3660 status,
1054 3595 1120 3646 aliae
1135 3593 1294 3644 inducuntur
1308 3607 1444 3659 personae,

311 3683 421 3734 aliorum
436 3683 576 3749 opiniones
591 3689 651 3732 sunt
667 3681 826 3747 refutandae,
837 3681 909 3732 aliud
917 3689 956 3732 est
967 3681 1156 3747 disputantium
1166 3681 1300 3732 bominum
1310 3679 1444 3745 ingenium

311 3779 338 3822 et
361 3770 474 3836 indoles,
498 3785 551 3835 quo
576 3769 604 3820 fit
628 3775 657 3820 ut
679 3784 739 3819 eum
762 3769 789 3819 in
816 3767 894 3818 variis
919 3768 1031 3834 dialogis
1055 3768 1125 3818 idem
1149 3767 1252 3834 dicitur,
1270 3782 1325 3816 non
1343 3781 1446 3832 semper

311 3857 456 3908 necessario
474 3857 508 3907 sit
525 3856 603 3906 idem.

357 3944 385 4012 2)
404 3943 445 3994 Ci.
462 3943 591 4009 imprimis
608 3943 774 4008 Unnttwuo,
790 3940 1033 4006 Untersuchungen.
1049 3941 1444 4006 Erster'lheil,pagg.12-31,

313 4042 443 4095 37-111.
463 4030 566 4080 Deinde
585 4031 698 4097 Cumsr,
717 4029 762 4080 Gr.
781 4029 872 4093 Litt.¹,
890 4045 950 4095 pag.
970 4037 1020 4093 375
1040 4028 1100 4079 adn.
1123 4041 1145 4078 1.

355 4117 384 4182 3)
402 4118 443 4167 De
458 4117 536 4167 variis
551 4117 657 4166 indiciis
671 4116 767 4181 quibus
782 4116 816 4166 ad
831 4115 992 4181 dialogorum
1002 4115 1194 4166 Platonicorum
1203 4114 1321 4164 ordinem
1330 4119 1444 4164 statuen-

312 4204 372 4254 dum
387 4204 428 4254 usi
443 4213 503 4254 sunt
517 4203 566 4253 viri
578 4203 658 4268 docti,
668 4202 701 4253 ci.
712 4203 816 4252 Cun1s'r
827 4218 851 4253 o.
861 4201 880 4253 l.
891 4218 951 4268 pag.
962 4212 1012 4266 375
1024 4208 1049 4252 et
1060 4202 1124 4252 ibid.
1134 4201 1195 4251 adn.
1206 4213 1230 4265 3.
1241 4201 1281 4250 De
1291 4208 1346 4251 tota
1355 4215 1446 4266 quaes·

314 4291 395 4357 tione,
405 4297 434 4340 ut
444 4289 477 4340 de
487 4289 555 4356 aliis,
569 4289 749 4356 copiosissime
759 4289 813 4354 agit
822 4290 940 4355 Zmua,
950 4287 1017 4338 Phil.
1027 4289 1053 4338 d.
1064 4288 1109 4338 Gr.
1118 4289 1155 4354 11,
1167 4288 1202 4354 1⁴,
1212 4303 1288 4354 pagg.
1298 4285 1385 4351 487-
1388 4296 1402 4351 5
1406 4284 1448 4350 58.

311 4376 352 4428 Cl.
377 4387 511 4444 praeterea
536 4376 569 4426 G.
599 4377 811 4443 Permultum,
836 4376 922 4427 Ueber
943 4375 986 4425 die
1006 4374 1182 4440 Reihenfolge
1201 4373 1246 4424 der
1265 4372 1447 4423 Platonischen

311 4464 432 4530 Dialoge.
450 4463 569 4528 Leipzig.
589 4463 690 4513 Kohler
711 4461 935 4530 18793Hu1r,11
956 4461 1110 4529 320-3803
1127 4463 1269 4526 Gournaz,
1281 4461 1316 4526 11,
1325 4473 1378 4525 ²30
1388 4475 1448 4526 sqq.

355 4550 384 4618 4)
409 4549 547 4616 Excipitur
571 4565 624 4599 nna
649 4549 763 4600 Socratis
788 4549 930 4616 Apologia,
954 4564 1021 4613 quae
1046 4556 1142 4614 tamen,
1165 4549 1188 4598 si
1208 4547 1234 4598 in
1254 4547 1450 4612 philosophiam

311 4637 460 4704 inquiritur,
491 4653 544 4687 non
569 4635 660 4701 magni
685 4643 725 4686 est
747 4637 887 4702 momenti3
909 4636 1025 4701 itemque
1043 4635 1180 4702 epistulae,
1198 4635 1219 4684 si
1238 4650 1305 4699 quae
1323 4634 1451 4699 genuinae

324 4733 393 4792 sunt,
413 4740 465 4774 non
484 4724 518 4774 ad
537 4723 731 4790 philosophiam
749 4724 931 4790 exponendam
948 4731 1009 4774 sunt
1027 4723 1147 4789 scriptae.
