3654 5564
979 689 1048 758 142

451 865 638 938 Pnn'rorus
665 863 966 963 cognoscendum
995 863 1166 936 iudicium
1190 864 1387 960 quicquam
1412 864 1574 955 adhibet,

447 1013 530 1061 cum
555 987 729 1061 reserat
754 987 881 1060 Punro
904 987 940 1059 id
964 985 1065 1082 quod
1086 986 1163 1058 alii
1180 986 1328 1075 iaciunt,
1344 1011 1449 1059 suam
1465 987 1576 1084 ipsius

447 1109 660 1206 opinionem
683 1133 759 1182 non
782 1108 955 1205 proferat.
981 1105 1107 1180 Simile
1130 1107 1218 1203 quid
1241 1124 1367 1181 autem
1387 1123 1444 1181 est
1458 1107 1575 1181 dicen·

447 1231 534 1304 dum
559 1231 606 1305 de
631 1232 709 1305 lon.
735 1237 809 1326 536
826 1230 862 1303 A
887 1255 990 1326 sqq.:
1014 1228 1392 1304 licetconcedendum
1406 1231 1575 1303 videatur

447 1351 630 1444 wanno,
645 1349 672 1450 ¹)
700 1355 834 1442 ποιητήν
862 1352 920 1424 hic
948 1351 1017 1424 dici
1044 1376 1067 1424 a
1091 1351 1267 1424 Puri-om
1291 1350 1497 1447 Orpheum,
1522 1396 1572 1406 -

445 1492 566 1549 utrum
588 1500 679 1548 vero
703 1475 774 1548 hoc
797 1475 946 1547 nomine
965 1498 1049 1546 eum
1068 1471 1243 1570 appellet,
1266 1473 1367 1570 quod
1389 1473 1424 1546 in
1432 1473 1573 1570 fabula

445 1597 620 1695 Orpheus
640 1614 738 1670 esset
758 1608 884 1695 poeta,
904 1620 951 1670 an
973 1595 1075 1692 quod
1094 1596 1171 1691 ipse
1186 1596 1312 1669 PLATo
1327 1597 1378 1669 ita
1392 1613 1569 1688 censeret,

445 1721 595 1793 omnino
623 1744 697 1793 non
725 1734 894 1818 apparet.
929 1763 974 1772 -

497 1841 639 1940 Orphei
668 1858 797 1916 cantus
824 1841 881 1914 vis
908 1867 952 1914 ac
979 1841 1144 1915 suavitas
1171 1839 1397 1937 significatur
1421 1841 1570 1941 Protag.

447 1987 518 2060 315
537 1964 574 2037 A
599 1990 695 2061 sqq„
720 1964 782 2037 ubi
806 1990 889 2039 cum
905 1963 1162 2060 Sophistarum
1178 1961 1363 2036 confertur
1376 1961 1571 2038 illecebris:

442 2085 578 2160 scilicet
620 2087 846 2185 Protagoras
887 2111 933 2159 ex
973 2110 1199 2183 unaquaque
1236 2111 1349 2181 quam
1386 2101 1573 2182 percurrat

442 2210 533 2284 urbe
556 2207 756 2305 discipulos
779 2209 932 2282 ductare
956 2207 1096 2297 dicitur,
1122 2205 1334 2280 alliciens
1357 2233 1435 2282 eos
1459 2233 1572 2282 voce

442 2332 629 2429 Orphei
658 2332 833 2421 instar,
863 2328 911 2404 illi
935 2355 1026 2403 vero
1049 2354 1182 2403 vocem
1205 2347 1408 2427 sequuntur
1432 2327 1570 2404 allecti:

442 2479 540 2551 quae
567 2478 641 2526 non
670 2453 821 2525 dubium
849 2469 906 2527 est
930 2467 1098 2550 spectare
1122 2451 1170 2524 ad
1195 2467 1324 2524 notam
1348 2449 1447 2526 illam
1471 2452 1571 2526 sabu-

441 2574 527 2666 lam,
557 2599 669 2672 quam
694 2574 749 2647 his
771 2574 895 2648 verbis
918 2589 1188 2650 commemorat
1213 2573 1570 2673 Metamorphoseon

441 2693 628 2794 auctor:¹)

521 2819 695 2894 Carmine
723 2818 812 2892 dum
840 2818 903 2892 tali
932 2816 1044 2892 silvas
1074 2821 1294 2917 animosque
1323 2820 1481 2893 serarum

492 2941 684 3016 Threicius
711 2958 819 3015 vates
847 2958 886 3016 et
912 2967 1003 3015 saxa
1031 2943 1225 3040 sequentia
1254 2942 1363 3032 ducit,
1392 2966 1475 3038 sqq.

493 3065 589 3138 Cum
618 3065 674 3137 his
701 3079 827 3138 autern
858 3064 1029 3161 congruit
1052 3064 1154 3162 quod
1178 3065 1298 3163 Legg.
1318 3063 1441 3156 829D
1456 3059 1565 3165 ὕμνων

438 3185 516 3259 eius
541 3185 698 3260 dulcedo
722 3184 930 3259 celebratur
953 3187 1025 3260 hoc
1048 3187 1175 3276 modo,
1200 3202 1240 3259 ut
1260 3185 1469 3259 cavendum
1485 3210 1566 3258 esse

438 3308 591 3397 dicatur,
620 3331 667 3380 ne
696 3308 777 3404 quis
804 3333 953 3381 carmen
982 3323 1092 3382 canat
1115 3333 1189 3381 non
1215 3308 1413 3404 probatum
1435 3307 1566 3379 iudicio

440 3426 566 3526 legum
600 3429 808 3520 custodum,
835 3425 932 3532 μηδ’
960 3427 1009 3508 ἂν
1032 3432 1169 3513 ἡδίων
1197 3422 1218 3532 ᾗ
1245 3446 1324 3506 τὼν
1353 3423 1564 3534 Θαμύρου

440 3581 481 3626 τε
518 3557 593 3626 καὶ
630 3545 830 3653 Ὀρφείων
867 3546 1024 3653 ὕμνων.

494 3670 567 3743 Hic
604 3685 730 3744 tamen
769 3671 841 3745 iam
870 3672 904 3745 in
933 3672 1076 3746 medias
1103 3672 1293 3746 incidimus
1321 3670 1565 3745 difficultates.

439 3793 561 3866 Primo
598 3793 787 3889 quaeritur
822 3793 870 3866 de
906 3794 1091 3868 adiectivo
1128 3789 1279 3898 Ὀρφεῐος,
1318 3809 1439 3867 utrum
1468 3794 1567 3867 idem

438 3912 565 3987 valeat
588 3913 785 4011 genetivus
809 3911 956 4018 Ὀρφέως,
981 3917 1032 3989 ita
1053 3931 1094 3990 ut
1111 3915 1223 3990 etiam
1243 3913 1342 3988 nullo
1361 3915 1567 3989 discrimine

439 4035 546 4110 scribi
574 4035 755 4131 potuisset
781 4037 989 4134 genetivus,
1018 4063 1145 4112 necne.
1177 4036 1289 4133 Quod
1318 4036 1463 4111 etiamsi
1485 4062 1568 4111 con·

438 4271 491 4320 lich
510 4271 608 4334 triltlge
628 4269 734 4319 Grtlude
753 4284 836 4334 gegeu
855 4269 899 4319 die
919 4271 1042 4322 Echtheit
1062 4272 1147 4322 dieses
1164 4272 1290 4336 Dialoges
1307 4270 1411 4320 werden
1426 4271 1499 4320 nicht
1513 4286 1569 4320 vor·

437 4355 601 4422 gebracht.”)
621 4356 650 4404 ln
670 4356 719 4405 hoc
738 4371 844 4420 quoque
858 4356 963 4421 dialogo
978 4366 1046 4407 certa
1056 4359 1154 4408 indicia
1163 4373 1230 4423 quae
1244 4358 1345 4407 Platoni
1354 4357 1501 4407 abiudieare
1511 4372 1569 4407 eum

437 4451 540 4508 cogant,
558 4443 643 4492 inesse
662 4456 716 4490 nou
734 4441 871 4508 videntur;
891 4457 969 4508 quam
988 4445 1023 4493 ob
1042 4461 1094 4495 rem
1113 4445 1248 4494 Pmoun
1266 4459 1324 4494 eum
1340 4459 1396 4494 esse
1411 4444 1569 4493 censendum

435 4529 552 4579 arbitror.

483 4614 509 4680 1)
527 4616 631 4664 Wusuu
651 4613 703 4662 o.l.
723 4629 782 4678 pag.
803 4625 851 4677 33:
872 4615 926 4680 ,als
944 4614 1047 4672 ποιητής
1061 4619 1152 4668 lernen
1168 4619 1214 4667 wir
1229 4617 1333 4681 ihuJou
1346 4616 1396 4681 536
1407 4618 1427 4666 B
1437 4615 1568 4666 kenneu”.

481 4699 508 4766 2)
527 4701 609 4750 Ovio.
628 4699 802 4764 Metamorph.
822 4701 869 4766 xl,
891 4715 914 4768 1,
932 4716 956 4752 a.
