3654 5564
937 702 985 791 76

448 894 544 969 Item
572 895 607 968 in
636 897 802 993 ipsorum
829 897 878 970 de
902 890 1108 994 Republica
1131 890 1307 966 librorum
1332 891 1405 967 fine
1429 917 1527 992 quae

394 1016 443 1089 ibi
480 1017 651 1116 exposita
688 1033 785 1110 sunt,
812 1024 914 1122 μῦθος
941 1015 1190 1114 appellantur,
1219 1030 1257 1090 et
1286 1015 1414 1112 mytho
1442 1015 1527 1088 huic

393 1139 562 1213 tribuitur
597 1141 666 1234 vis,
705 1167 803 1238 quae
840 1139 925 1214 alibi
964 1147 1130 1244 φιλοσοφίᾳ
1168 1139 1393 1235 impertitur:
1428 1138 1524 1236 Rep.

395 1267 465 1335 621
488 1263 516 1334 B
545 1288 648 1360 sqq.:
679 1271 742 1341 Kal
771 1260 885 1366 οὕτως,
913 1254 937 1339 ό)
965 1258 1140 1364 Γλαύκων,
1170 1269 1188 1339 ο’
1214 1265 1317 1365 μῦθος
1340 1259 1441 1350 ἐσόιθη
1467 1263 1525 1338 καὶ

392 1378 452 1460 οὐκ
480 1383 624 1462 οἷπόιλετο
634 1382 673 1484 ¹),
702 1393 758 1463 καὶ
786 1390 879 1488 ἡμᾶς
906 1383 946 1462 ἂν
975 1382 1115 1485 σώσειεν,
1144 1381 1185 1462 ἂν
1212 1381 1392 1487 πειθόμεθα
1422 1379 1524 1490 αὐτῷ,

393 1513 450 1583 καὶ
478 1508 533 1584 τὸν
560 1520 618 1599 τῆς
644 1511 760 1600 Λήθης
782 1506 928 1612 πόταμον
953 1492 985 1584 εὖ
1013 1505 1241 1611 διαβησόμεθα
1262 1511 1319 1582 καὶ
1339 1503 1398 1590 τὴν
1413 1505 1524 1609 ψυχὴν

392 1624 428 1705 οὐ
462 1629 728 1733 μιανθησόμεθα·
768 1630 901 1726 quibus
937 1629 1062 1703 verbis
1088 1643 1246 1702 annotat
1273 1628 1523 1702 Srnnnanuu:

397 1748 623 1849 „Eleganter
648 1752 818 1825 nimirum
841 1753 898 1826 his
920 1752 1044 1826 verbis
1068 1749 1252 1849 significat
1267 1749 1523 1848 philosophuS,

392 1898 489 1970 quae
517 1873 698 1948 hactenus
720 1873 890 1948 fabulose
914 1874 1084 1970 exposita
1098 1873 1182 1964 sint,
1199 1899 1244 1947 ea
1259 1873 1386 1971 utique
1398 1870 1524 1946 valere

391 2021 505 2094 quum
533 1996 582 2069 ad
610 1997 772 2070 studium
801 1995 945 2070 virtutis
968 2021 1012 2070 ac
1036 1996 1241 2092 sapientiae
1266 2011 1344 2068 tum
1359 1994 1408 2068 ad
1423 1994 1524 2069 vitae

390 2118 535 2193 suturae
572 2119 830 2194 beatitatem.'’
871 2119 979 2194 Haec
1015 2118 1044 2192 si
1082 2119 1320 2192 conseruntur
1356 2143 1440 2190 cum
1468 2117 1521 2208 iis,

391 2265 489 2337 quae
536 2241 572 2315 in
621 2243 824 2317 Phaedone
871 2269 955 2316 vere
986 2241 1225 2338 philosophis
1265 2257 1523 2338 proponuntur

390 2365 568 2461 praemia,
605 2365 712 2440 facile
748 2366 957 2463 apparebit,
997 2381 1231 2462 quantopere
1267 2365 1362 2438 inter
1394 2389 1436 2437 se
1462 2389 1521 2437 co-

389 2486 569 2561 haereant
598 2487 746 2584 mythus
774 2505 813 2561 et
840 2485 1087 2584 philosophia.

443 2609 618 2706 Denique
646 2635 719 2683 non
749 2608 870 2683 solum
893 2634 1007 2682 voces
1028 2614 1130 2712 μῦθος
1154 2625 1193 2683 et
1214 2607 1310 2711 λόγος
1330 2608 1522 2706 coniungit

391 2729 558 2827 Pnnrof)
569 2732 636 2806 sed
646 2733 759 2805 etiam
769 2732 915 2805 dubitat
925 2732 1122 2822 interdum,
1133 2747 1216 2805 utro
1227 2730 1412 2804 vocabulo
1424 2755 1521 2828 quae

390 2853 490 2927 dicat
512 2853 584 2927 sint
608 2855 856 2929 nominanda:
882 2855 1003 2953 Legg.
1031 2859 1104 2949 872
1122 2855 1180 2927 D:
1201 2849 1297 2956 ὁγὰρ
1311 2852 1353 2939 δν)
1368 2854 1520 2958 μῦθος,ἢ

388 2973 485 3077 λόγος
522 2977 542 3058 ἢ
582 2976 628 3054 ότι
665 2977 730 3082 χρὴ
759 2973 1003 3082 πφοσαγοφεόειν
1033 2974 1146 3079 αὐτόν,
1174 2980 1210 3053 ἐκ
1237 2982 1386 3054 παλαιῶν
1417 2978 1520 3080 ἱερέων

387 3105 508 3200 εἴρηται
545 3115 668 3201 σαφῶς,
696 3103 739 3191 ὡς
769 3105 790 3184 η’
818 3116 880 3177 τών
909 3106 1072 3204 ξυγγενῶν
1100 3096 1250 3203 αἱμοότων
1276 3098 1414 3202 τιμωρός
1441 3101 1517 3188 δίκη

387 3221 554 3313 ἐπίσκοπος
581 3221 670 3326 νόμῳ
698 3235 819 3326 χφῆται
846 3211 889 3326 rifi
918 3231 975 3299 νῦν
999 3222 1042 3308 δὴ
1067 3221 1209 3325 λεχθέντι
1233 3227 1290 3297 καὶ
1314 3217 1424 3313 ἔταξεν
1450 3216 1518 3323 σ’ἷφα

386 3339 546 3445 δφοίσαντί
570 3376 599 3420 τι
621 3352 761 3421 τοιοῦτον
785 3350 895 3421 παθεῖν
918 3339 1022 3421 ταύτὰ
1047 3343 1237 3447 οἷναγκαίως
1261 3338 1339 3448 οἷπερ
1361 3339 1514 3445 ἔδρασεν·

384 3470 499 3554 ,κ.τ.λ.,
522 3465 571 3538 ad
596 3491 707 3562 quem
722 3464 845 3539 locum
860 3465 1086 3540 conserenda
1101 3481 1186 3538 sunt
1200 3491 1297 3562 quae
1312 3466 1360 3540 de
1373 3466 1517 3540 ratione

387 3609 485 3681 quae
507 3584 603 3660 inter
625 3594 726 3690 μῦθον
751 3603 789 3662 et
813 3588 909 3693 λόγον
924 3588 961 3660 in
976 3588 1272 3685 prae-Socratica
1288 3586 1517 3662 Graecorum

386 3704 622 3805 philosophia
649 3709 854 3802 intercedit,
885 3709 1075 3784 attulimus
1098 3737 1145 3784 ex
1168 3710 1326 3786 onum
1350 3736 1475 3809 opere.
1488 3706 1515 3809 ³)

438 3966 609 4043 Eandem
647 3996 739 4045 vero
777 3971 892 4069 mythi
932 3987 1104 4046 naturam
1132 4015 1183 4026 —
1211 3970 1347 4046 scilicet
1374 3987 1414 4046 ut
1442 3998 1516 4071 my-

384 4091 506 4165 thicae
543 4092 688 4167 formae
724 4093 891 4167 subiecta
926 4095 973 4169 sit
1011 4095 1167 4169 materia
1200 4119 1298 4191 quae
1326 4096 1375 4169 ad
1403 4096 1518 4193 philo-

384 4214 555 4310 sophiam
580 4215 755 4312 pertinet,
781 4260 832 4272 -
848 4218 1007 4292 eandem
1023 4217 1139 4316 mythi
1155 4231 1338 4311 naturam,
1354 4218 1518 4315 inquam,

430 4487 456 4554 ι)
474 4489 516 4538 De
534 4489 583 4539 hac
602 4489 714 4540 formula
731 4490 764 4540 cs.
784 4489 897 4540 STALLB.
916 4489 949 4540 ad
967 4490 986 4540 l.
1005 4489 1078 4556 (pag.
1092 4491 1166 4557 454).

427 4574 456 4641 2)
475 4576 516 4626 Cf.
535 4578 618 4642 Legg.
637 4576 691 4639 664
700 4577 733 4628 A.

428 4661 456 4730 3)
474 4663 535 4728 Peg.
560 4663 605 4730 69,
629 4663 689 4713 adn.
713 4677 739 4726 4.
764 4690 799 4699 -
825 4663 945 4714 Ceterum
970 4663 1062 4714 eodem
1086 4664 1165 4716 modo
1183 4681 1237 4732 qno
1255 4667 1347 4717 Ριλτο
1366 4668 1398 4720 de
1417 4667 1513 4734 mythis

383 4748 481 4800 iudicat
500 4750 696 4817 Απιετοτιιιαε,
713 4748 746 4800 cl.
765 4749 875 4800 thau.
894 4749 946 4802 αλ
965 4767 1025 4818 pag.
1044 4750 1105 4817 456.
