3654 5564
805 663 870 712 101

274 841 466 914 πολλώνε
496 829 536 929 ἃς
564 833 600 914 δὲ
627 833 667 916 σιλ
696 835 797 939 λέγεις
823 832 884 929 τὰς
910 837 1034 943 σκέψεις
1061 843 1132 940 περί
1154 869 1187 914 τε
1210 837 1404 933 α’ναλώσεως

271 952 450 1060 χρημάτων
488 962 547 1038 καιΙ
580 959 682 1053 δόξης
718 963 778 1038 καί
810 963 936 1039 παίδων
968 974 1096 1065 τροφῆς,
1125 960 1172 1061 μὴ
1200 965 1245 1053 ὧς
1272 961 1402 1056 αληθως

270 1086 384 1170 ταῦτα,
422 1071 447 1156 όν
485 1088 620 1184 Κρίτων,
649 1083 827 1185 σκέμματα
854 1076 875 1186 ᾗ
903 1099 965 1160 τῶν
992 1087 1115 1187 ῥᾳδίως
1144 1080 1400 1162 α’ποκτιννόντων

271 1202 330 1277 καί
354 1201 652 1309 οίναβιωσκοριένων
679 1200 711 1306 γ’
739 1199 793 1296 α’ίν,
821 1211 848 1283 ει’
873 1201 936 1282 οἷοί
958 1201 986 1282 τ’
1009 1197 1106 1296 ἦσαν,
1131 1202 1239 1283 οὐδενί
1259 1201 1318 1298 ξὺν
1342 1223 1398 1309 νῲ,

270 1317 388 1401 τούτων
425 1340 488 1402 τῶν
523 1334 663 1417 πολλῶν,
701 1327 911 1425 iterumque
948 1327 1074 1421 48A:
1113 1325 1202 1406 Οὐκ
1238 1323 1342 1432 α’ίρα,
1375 1321 1399 1405 ὦ

273 1446 428 1550 βέλτιστε,
465 1446 576 1527 ποίνν
614 1453 720 1553 ἡμῖν
753 1445 862 1528 οὕτω
888 1451 1195 1556 φροντιστέον,
1223 1457 1265 1527 τί
1289 1453 1399 1554 ἐροῦ·

271 1599 337 1644 σιν
372 1573 411 1646 οἱ
447 1575 608 1649 πολλοί
633 1576 770 1675 η’μοῖς,
801 1568 877 1650 αλλ’
905 1573 951 1652 ότι
978 1581 997 1650 o‘
1024 1575 1141 1651 ἐπαΐων
1169 1575 1239 1677 περί
1262 1588 1324 1650 τῶν
1353 1577 1399 1651 δι-

271 1697 371 1768 καίων
400 1695 461 1769 καί
486 1691 623 1785 οίδίκων,
652 1701 670 1770 ό
696 1690 738 1786 εἷς
766 1697 823 1774 καὶ
852 1691 934 1780 airh
959 1701 980 1780 νί
1005 1693 1154 1780 α’λόθεια.
1179 1693 1256 1773 ὥστε
1277 1710 1398 1800 πρῶτον

269 1810 328 1914 μὲν
357 1810 461 1921 ταίιτη
489 1812 567 1893 οὐκ
594 1819 731 1920 όρθως
759 1822 948 1922 εἰσηγεῑ,
978 1813 1302 1922 εἰσηγούμενος
1323 1830 1399 1910 τῆς

272 1950 351 2012 τῶν
387 1943 560 2015 πολλῶν
597 1937 737 2032 δόξης
774 1942 866 2016 δεῖν
902 1944 1021 2043 ἡμᾶς
1053 1945 1303 2044 φροντίζειν
1331 1941 1398 2044 περὶ

268 2071 330 2133 τῶν
366 2061 503 2137 δικαίων
540 2063 597 2137 καί
634 2068 747 2137 καλων
783 2063 840 2138 καί
878 2060 1013 2165 οίγαθῶν
1051 2063 1107 2139 καί
1143 2075 1209 2141 τῶν
1233 2064 1396 2155 ἐναντίων,

268 2178 430 2278 denique
458 2205 509 2274 44
525 2181 557 2255 C
572 2212 578 2256 :
609 2177 710 2260 Ἀλλδι
731 2188 763 2260 τί
781 2187 874 2286 ἡμῖν,
897 2173 922 2259 όν
936 2180 1081 2286 μακοίριε
1097 2189 1230 2288 Κρίτων,
1246 2179 1327 2261 οὕτω
1340 2197 1398 2276 τῆς

266 2317 327 2379 των
350 2310 478 2381 πολλων
499 2304 601 2398 δόξης
614 2307 729 2408 μέλει,
746 2330 859 2378 causa
873 2321 999 2379 autem
1015 2304 1121 2378 huius
1135 2304 1399 2402 despicientiae

267 2424 380 2522 paulo
408 2443 495 2524 post
523 2427 591 2523 (D)
619 2427 786 2501 additur:
816 2431 845 2506 οἱ
871 2435 989 2506 πολλοί
1007 2424 1239 2526 philosophis
1262 2452 1399 2501 nocere

266 2571 341 2621 non
365 2564 532 2646 possunt,
558 2547 646 2622 nihil
669 2549 821 2623 omnino
846 2565 1014 2646 possunt,
1030 2549 1178 2624 fortuna
1192 2551 1396 2624 ducuntur:

269 2673 309 2747 Ei
334 2665 400 2774 γδιρ
426 2668 557 2774 ὄφελον,
587 2663 611 2746 όν
636 2677 772 2775 Κρίτων,
797 2666 905 2748 οἷοίτ’
928 2671 1007 2749 εἶναι
1032 2675 1061 2749 οἱ
1074 2675 1186 2750 πολλοὶ
1203 2667 1244 2749 toi
1257 2673 1398 2775 μέγιστα

161 2854 164 2862 .
268 2787 358 2870 κακδι
385 2790 586 2896 ἐργάζεσθαι,
615 2803 669 2870 ίνα
697 2790 759 2870 οἷοί
786 2789 814 2869 τ’
841 2785 927 2877 ἦσαν
955 2796 1012 2871 καί
1039 2790 1080 2871 τδι
1107 2795 1245 2897 μέγιστα
1272 2790 1396 2896 οἷγαθοί,

267 2916 323 2992 καί
361 2922 473 3006 καλῶς
508 2913 550 2994 ἂν
586 2913 688 3020 εἶχεν·
727 2923 783 2992 νῦν
820 2913 856 2993 δὲ
891 2911 1043 3019 οὐδέτερα
1070 2912 1131 2993 οἷοί
1155 2936 1205 2992 τε·
1236 2909 1396 3019 οὔτεγὰρ

264 3037 415 3143 φρόνιμον
444 3033 513 3115 οὔτε
542 3033 667 3142 α’ίρρονοι
694 3040 827 3116 δυνατοί
855 3051 997 3128 ποιῆσαι,
1026 3045 1147 3115 ποιοῦσι
1175 3035 1211 3114 δὲ
1234 3044 1324 3113 τοῦτο
1348 3035 1394 3114 ότι

265 3156 305 3236 διν
332 3154 468 3264 τύχωσι.
493 3160 626 3258 Itaque
649 3184 717 3233 nec
740 3159 842 3257 digni
867 3175 952 3233 sunt
976 3159 1038 3256 qui
1063 3158 1258 3232 veritatem
1283 3182 1395 3231 nove-

264 3280 352 3355 rint:
391 3282 468 3356 iure
506 3283 602 3355 hanc
638 3295 786 3354 veteres
817 3306 885 3378 per
912 3280 1042 3377 poe'sin
1071 3277 1152 3352 illos
1181 3277 1396 3355 celaverunt

264 3403 438 3498 (Theaet.
481 3403 610 3477 180C
647 3428 743 3500 sqq„
783 3403 827 3476 cs.
867 3426 989 3500 supra,
1027 3426 1116 3500 pag.
1160 3405 1206 3475 28
1241 3401 1327 3475 adn.
1360 3427 1394 3496 3,

262 3551 351 3625 pag.
365 3530 430 3625 85)
443 3563 451 3619 3
467 3552 603 3624 nempe
617 3526 755 3600 veritas
769 3541 826 3598 est
840 3523 1165 3624 philosophorum:
1181 3523 1395 3624 philosophi

263 3664 390 3722 autem
418 3673 493 3722 non
517 3664 602 3722 sunt
625 3653 654 3726 οἱ
677 3654 801 3740 πολλοί,
825 3672 948 3747 neque
972 3651 1002 3725 oi
1024 3654 1140 3725 πολλοί
1161 3646 1394 3745 philosophi:

264 3786 446 3868 perpetua
473 3771 567 3845 inter
596 3771 666 3843 hos
693 3785 751 3843 est
774 3795 924 3869 pugna:
949 3795 1018 3844 nec
1042 3795 1132 3844 vero
1157 3815 1208 3824 —
1231 3771 1269 3843 id
1292 3770 1394 3868 quod

264 3918 375 3990 supra
398 3894 472 3967 iam
496 3893 569 3966 dixi
592 3937 643 3947 —
667 3917 819 3990 pugnae
842 3908 999 3967 eventus
1023 3908 1079 3966 est
1102 3892 1281 3965 incertus:
1306 3916 1393 3965 nam

262 4014 347 4090 licet
382 4015 587 4091 interficere
624 4017 767 4113 possint
805 4020 835 4094 οἱ
862 4022 977 4094 πολλοί
1002 4013 1247 4112 philosophos
1257 4010 1296 4112 1),
1326 4039 1395 4088 nec

261 4139 377 4213 vitam
402 4140 499 4213 hanc
521 4164 707 4212 summum
731 4139 872 4212 bonum
896 4153 1031 4236 putant
1050 4138 1087 4211 hi
1097 4133 1136 4233 ⁹),
1153 4163 1220 4211 nec
1236 4152 1395 4211 mortem

310 4445 337 4512 1)
356 4445 456 4495 Criton.
475 4443 510 4507 48
521 4445 545 4494 Α
564 4459 637 4509 sqq.:
657 4438 727 4490 anno
748 4439 793 4500 μὶν
811 4437 850 4496 δή,
866 4439 928 4502 φαίη
945 4440 973 4502 γ’
992 4437 1021 4488 ih
1038 4456 1086 4497 τις.
1103 4434 1153 4489 oio!
1166 4438 1197 4488 τί
1215 4437 1277 4488 τίσιν
1294 4436 1361 4500 ἡμᾶς
1379 4439 1406 4487 αἱ

262 4527 355 4578 πολλοὶ
371 4527 552 4578 itomanam.

311 4612 340 4682 α)
358 4613 491 4664 Phaedon.
509 4613 615 4678 possim.
635 4612 675 4663 Cf.
695 4619 829 4677 praeterea
849 4611 949 4663 Criton.
968 4611 1048 4674 4813:
1067 4607 1107 4659 δτι
1122 4606 1149 4660 οδ
1164 4609 1195 4657 σδ
1210 4607 1257 4676 ζῆν
1271 4606 1406 4670 ποδαποί-

266 4715 329 4750 nov
346 4695 470 4758 ποιητέον,
486 4695 556 4750 ἀλλὰ
573 4697 603 4748 τδ
621 4690 648 4745 τό
667 4695 723 4763 ζῆν.
