3654 5564
987 657 1059 730 ¹30

506 834 562 908 lta
590 835 643 926 fit,
673 851 713 909 ut
734 836 801 909 viri
825 835 936 926 docti,
961 835 1149 909 Ptnroms
1172 837 1221 910 de
1245 835 1307 909 Or
1314 833 1462 933 phicis
1485 831 1580 906 testi·

454 958 577 1030 monia
613 975 859 1048 recensentes,
897 956 957 1030 alii
994 983 1109 1055 saepe
1143 959 1303 1032 asserant
1339 955 1425 1045 alia,
1458 970 1498 1030 et
1525 952 1582 1027 alii

453 1078 558 1153 aliter
586 1105 671 1154 eum
700 1080 880 1154 iudicasse
908 1095 1094 1153 censeant.

506 1200 677 1291 Accedit,
713 1201 815 1298 quod
852 1225 949 1300 quae
986 1202 1105 1298 primo
1141 1203 1274 1300 capite,
1304 1201 1366 1274 ubi
1395 1199 1443 1274 de
1471 1198 1582 1271 subsi-

452 1323 596 1395 diorum
634 1322 759 1419 inopia
785 1323 980 1420 agebatur,
992 1319 1017 1419 ¹)
1045 1323 1092 1396 de
1122 1325 1294 1398 universa
1322 1319 1583 1420 prae-Socrati·

452 1470 579 1517 corum
617 1443 853 1542 philosophia
889 1444 987 1518 dicta
1024 1461 1121 1536 sunt,
1159 1447 1337 1543 imprimis
1374 1445 1513 1517 cadunt
1548 1442 1583 1512 in

454 1565 721 1662 Orphicos:
761 1591 834 1639 non
872 1564 991 1638 solum
1031 1592 1187 1663 operum
1222 1593 1365 1655 eorum,
1403 1565 1451 1638 ad
1489 1564 1584 1636 hanc

453 1687 740 1784 disputationem
778 1688 1049 1785 pertinentium,
1088 1712 1162 1761 non
1191 1689 1259 1761 nisi
1287 1689 1500 1786 fragmenta
1527 1709 1584 1758 ae·

453 1825 569 1882 tatem
594 1807 766 1898 tulerunt,
790 1809 856 1882 sed
880 1811 960 1906 ipsa
985 1810 1078 1883 haec
1094 1810 1305 1908 fragmenta
1321 1809 1455 1906 quibus
1469 1807 1584 1904 operi·

454 1931 523 2004 bus
559 1932 631 2004 sint
664 1932 859 2005 tribuenda
893 1932 1043 2005 cuiusve
1078 1933 1212 2006 aetatis
1239 1932 1323 2020 sint,
1352 1955 1503 2029 prorsus
1530 1944 1586 2002 est

453 2053 650 2146 incertum,
666 2070 860 2150 praeterea
874 2068 1000 2128 autem
1015 2051 1146 2127 horum
1161 2054 1456 2152 fragmentorum
1472 2049 1586 2123 multa

454 2175 687 2248 inveniuntur
715 2175 750 2247 in
779 2175 866 2272 ipsis
895 2175 1082 2249 Ptaroms
1108 2176 1270 2273 scriptis!

509 2295 597 2370 Alia
631 2297 812 2370 accedunt
845 2298 1039 2394 graviora:
1075 2297 1263 2394 Orphicae
1291 2297 1483 2370 doctrinae
1511 2318 1584 2367 non

455 2443 586 2492 omnes
608 2419 702 2492 inter
725 2444 765 2492 se
788 2434 1016 2516 congruunt:
1041 2444 1164 2516 neque
1178 2418 1335 2493 eaedem
1351 2443 1499 2515 semper
1513 2416 1585 2489 fue-

455 2555 551 2630 runt,
580 2564 649 2613 nec
676 2564 750 2612 uno
778 2564 892 2636 opere
920 2541 1172 2615 continentur:
1203 2565 1277 2614 non
1301 2541 1350 2614 ab
1374 2565 1449 2612 uno
1472 2549 1586 2636 poeta

454 2660 516 2734 vel
537 2660 761 2757 philosopho
785 2676 870 2734 sunt
887 2662 1134 2758 excogitatae,
1150 2663 1216 2737 sed
1230 2664 1341 2736 variis
1356 2661 1586 2757 temporibus

455 2782 625 2855 homines
659 2783 750 2855 varii
786 2804 852 2856 eas
887 2781 1135 2878 protulerunt:
1152 2780 1179 2881 ⁹)
1214 2785 1339 2882 itaque
1376 2780 1586 2879 complures

456 2904 655 2978 extiterunt
677 2904 917 3001 theogoniae,
942 2920 980 2977 et
1003 2906 1187 2978 aetatibus
1211 2923 1250 2979 et
1267 2905 1496 3002 argumentis
1511 2927 1585 2976 non

456 3051 587 3123 parum
611 3026 791 3100 diversae.
818 3025 882 3098 Ab
906 3024 1023 3098 altera
1047 3052 1137 3100 vero
1161 3045 1279 3124 parte,
1305 3043 1345 3101 ut
1367 3028 1487 3124 prisca
1510 3050 1586 3097 car-

456 3149 594 3221 minum
630 3146 774 3220 indoles
809 3163 1031 3239 servaretur,
1062 3149 1308 3244 posteriorum
1337 3164 1508 3222 auctores
1535 3145 1585 3218 ad

454 3271 618 3368 priorum
660 3267 831 3365 exempla
872 3270 1019 3366 saepius
1060 3295 1100 3343 se
1141 3270 1433 3367 applicaverunt,
1445 3266 1471 3366 3)
1509 3293 1585 3364 quo

456 3393 592 3466 factum
621 3407 678 3465 est
706 3391 809 3464 utin
837 3406 942 3463 tanta
969 3389 1205 3487 reliquiarum
1234 3394 1384 3466 raritate
1412 3417 1457 3466 ac
1485 3389 1586 3463 dissi·

455 3515 619 3612 patione,
669 3513 731 3609 qui
772 3513 819 3584 sit
856 3513 1045 3584 variorum
1087 3538 1240 3609 operum
1283 3513 1376 3587 ordo
1418 3538 1462 3586 ac
1504 3535 1585 3609 pro-

455 3636 610 3736 gressio,
648 3659 724 3708 non
760 3632 918 3730 amplius
952 3651 1053 3707 certo
1089 3635 1202 3708 modo
1230 3635 1348 3732 possit
1376 3633 1583 3707 internosci.

457 3759 603 3854 Quibus
631 3755 823 3854 perpensis
850 3753 955 3828 facile
984 3753 1228 3852 intellegetur,
1259 3755 1375 3829 multo
1404 3755 1586 3828 maiorem

456 3956 651 3970 ψ

503 4066 530 4132 ¹)
548 4066 588 4116 Cf·
608 4080 686 4130 nass·
706 4072 810 4127 asses·

502 4153 530 4220 2)
549 4151 590 4202 Ct'.
608 4167 696 4215 supra,
715 4163 775 4213 pag.
796 4158 838 4212 73,
857 4145 917 4196 adn.
937 4157 961 4208 3.

501 4239 529 4305 3)
549 4239 589 4289 Cf.
600 4238 710 4287 Girumu
719 4233 790 4300 apud
799 4234 929 4282 Roscnsn
939 4231 997 4298 0.l.,
1007 4233 1057 4282 col.
1070 4245 1150 4296 1119:
1162 4235 1264 4298 „Wenn
1272 4235 1427 4300 gleichwohl
1435 4236 1477 4285 ein
1487 4249 1589 4300 grosser

456 4326 515 4376 Ten
539 4325 624 4374 dieser
648 4321 776 4371 Gedichte
801 4317 900 4368 sowohl
925 4317 1092 4368 hinsichtlich
1111 4319 1156 4368 der
1178 4321 1205 4369 ln
1224 4321 1304 4372 ihnen
1326 4321 1456 4371 erzahlten
1477 4321 1588 4385 Mythen

457 4413 495 4462 als
520 4411 585 4461 auch
603 4406 771 4459 hinsichtlich
790 4404 835 4454 der
853 4418 952 4467 ganzen
972 4404 1240 4455 schriftstellerischen
1257 4406 1359 4472 Aulage
1378 4406 1432 4457 und
1447 4407 1527 4457 selbst
1543 4405 1589 4456 des

458 4497 608 4548 Ausdrucks
627 4493 843 4555 tibereinstimmt,
861 4505 889 4539 so
908 4490 1004 4539 erklart
1020 4490 1074 4540 sich
1093 4491 1148 4540 dies
1166 4493 1307 4556 genligend
1325 4493 1426 4559 damus,
1444 4493 1502 4542 dass
1515 4492 1588 4557 jedes

457 4585 579 4648 folgende
603 4581 693 4647 Werk,
717 4595 761 4630 um
785 4577 841 4628 sich
864 4576 903 4626 als
927 4577 987 4628 echt
1011 4593 1041 4626 zu
1065 4577 1250 4644 legitimieren,
1273 4579 1329 4630 sich
1352 4597 1386 4630 an
1405 4580 1456 4630 den
1476 4579 1525 4630 Stil
1545 4578 1591 4628 der

458 4671 578 4720 fritheren
598 4669 775 4720 anschliesseu
794 4663 919 4715 musste.''
