3654 5564
938 629 986 700 68

399 839 497 916 seras
519 865 566 916 ea
590 864 688 940 quae
711 839 797 915 dicit
812 837 1074 914 Arusrorrrtrrs
1090 837 1303 937 Metaphys.
1320 836 1349 930 1,
1368 861 1402 933 3,
1420 839 1469 931 98
1475 838 1528 932 3b

400 966 422 1036 8
452 989 548 1061 sqq.‚
581 982 628 1058 27
653 989 758 1060 sqq.:
782 963 817 1040 τδ
840 964 948 1066 με’ντοι
970 970 1091 1055 πλῆθος
1115 965 1171 1040 καὶ
1194 962 1230 1039 τδ
1253 955 1530 1053 ειδοςτῆςτοιαύ·

397 1117 455 1177 της
493 1083 602 1190 οἷρχῆς
637 1082 674 1163 ού
705 1086 741 1163 τὸ
769 1082 848 1162 αύτδ
876 1083 991 1178 πάντες
1019 1086 1179 1189 λέγουσιν,
1208 1078 1297 1162 α’λλολ
1325 1090 1443 1175 Θαλῆς
1468 1079 1528 1185 μὲν

398 1215 417 1285 ὁ
443 1221 501 1300 τῆς
527 1203 677 1300 τοιαύτης
704 1206 851 1314 οἷρχηγδς
879 1213 1064 1312 φιλοσογίας
1091 1203 1179 1312 ὕδωρ
1207 1205 1291 1285 εἶναι’
1314 1237 1407 1309 φησιν
1424 1225 1434 1246 ·
1452 1263 1460 1278 .
1475 1265 1482 1280 .
1497 1263 1527 1278 ..

398 1335 482 1408 εἰσὶ
521 1332 571 1408 δι’
602 1362 720 1423 τινες
757 1324 831 1427 οἳῙ)
869 1337 943 1408 καὶ
976 1327 1078 1422 τοὺς
1105 1335 1428 1433 παμπαλαίους
1455 1332 1530 1405 καὶ

398 1449 509 1532 πολὺ
546 1452 623 1558 πρὸ
658 1467 737 1545 τῆς
773 1461 847 1530 νῦν
881 1455 1095 1556 γενέσεως
1123 1458 1197 1530 καὶ
1224 1450 1418 1553 πρώτους
1446 1456 1532 1529 θεο-

401 1576 694 1678 λογήσαντας
734 1570 869 1667 οὕτως
910 1585 1083 1653 οἴονται
1125 1581 1218 1680 περὶ
1254 1587 1330 1666 τῆς
1367 1568 1533 1677 φύσεως

399 1697 649 1802 ὑπολαβεῖν·
680 1695 836 1775 Ὠκεανόν
864 1729 896 1773 τε
917 1692 983 1801 γδιρ
1003 1703 1059 1775 καὶ
1083 1693 1189 1786 rutil
1212 1699 1364 1785 ἐποίησαν
1378 1696 1536 1798 τῆςγινέ·

399 1851 478 1911 σεως
512 1820 664 1924 πατέρας,
703 1825 760 1896 καὶ
791 1819 845 1896 τὸν
874 1819 968 1924 δρκον
996 1835 1058 1896 των
1086 1824 1163 1896 θεῶν
1190 1815 1293 1922 ὕδωρ,
1320 1817 1378 1904 τὴν
1408 1825 1530 1896 καλου·

399 1943 501 2044 μένην
529 1939 582 2020 ὑπ’
608 1939 713 2020 alter
742 1938 852 2045 Στύγα
876 1939 948 2044 [των
972 1939 1142 2044 ποιητῶν]·
1166 1940 1358 2045 τιμιώτατον
1381 1936 1530 2044 μὲνγὰρ

398 2063 434 2140 ιδ
463 2058 695 2169 πρεσβύτατον,
722 2063 816 2168 ὅρκος
843 2063 879 2142 δὲ
906 2065 941 2141 τδ
963 2063 1154 2168 τιμιώτατόν
1178 2066 1273 2142 ἐστιν.
1289 2063 1530 2160 Quamquam

400 2185 479 2283 ipse
517 2209 595 2259 rem
633 2185 668 2259 in
706 2186 830 2260 medio
867 2183 1057 2284 relinquit:
1096 2189 1122 2262 εἰ
1156 2184 1216 2288 μὲν
1247 2170 1303 2262 ούν
1330 2184 1460 2290 οἷρχαία
1484 2217 1531 2277 τις

401 2303 483 2398 αὕτη
512 2315 568 2385 καὶ
595 2303 722 2386 παλαιὰ
750 2303 924 2413 τετύχηκεν
953 2292 1037 2386 obre
1063 2315 1130 2414 περὶ
1157 2320 1215 2400 τῆς
1242 2302 1363 2411 φύσεως
1385 2313 1407 2393 η’
1431 2307 1531 2410 δόξα,

400 2425 478 2534 τάχ’
506 2427 547 2508 ἂν
576 2428 702 2519 ἄδηλον
730 2439 792 2532 εἴη,
820 2437 936 2522 Θαλῆς
963 2431 1071 2533 μέντοι
1099 2437 1199 2507 κ.τ.λ.

456 2550 601 2625 Audias
638 2551 815 2649 imprimis
852 2550 953 2650 apud
987 2551 1181 2626 Eusrtururr
1196 2547 1222 2652 ¹)
1250 2553 1529 2627 Prurrrcnuu:

399 2668 473 2751 Ὀτι
495 2671 554 2777 μὲν
578 2659 634 2751 ούν
658 2678 679 2757 η’
705 2669 831 2752 παλαιὰ
855 2680 1045 2778 φυοιολογιά
1066 2681 1123 2752 καὶ
1137 2671 1209 2779 παρ’
1219 2671 1359 2765 Ἐλληοι
1373 2683 1431 2754 καὶ
1446 2681 1532 2780 βαρ-

401 2795 514 2902 βοίροις
552 2795 649 2900 λόγος
685 2787 725 2882 ἦν
757 2796 890 2900 ρυοικδς
917 2797 1175 2902 ἐγκεκρυμμένος
1201 2792 1329 2900 μύθοις,
1356 2792 1397 2875 roi
1424 2792 1530 2875 πολλὰ

402 2917 447 2996 δι’
490 2915 690 3021 αἰνιγμάτων
731 2924 788 2995 καὶ
828 2919 981 2995 ὑπονοιῶν
1018 2921 1185 3024 ε’πίκρυρος
1222 2927 1278 2997 καὶ
1306 2919 1532 3024 μυοτηριῶδης

403 3043 564 3142 θεολογία,
599 3037 643 3117 τοί
677 3072 710 3118 τε
738 3033 929 3142 λαλούμενα
956 3055 1018 3116 των
1046 3041 1233 3144 σιγωμένων
1261 3042 1438 3145 σαφέστερα
1468 3051 1532 3132 τοῖς

401 3168 531 3253 πολλοῖς
555 3156 674 3265 ἔχοντα
697 3169 754 3239 καὶ
777 3156 818 3238 roi
843 3158 1008 3264 σιγώμενα
1020 3176 1082 3238 των
1099 3164 1308 3266 λαλουμένων
1324 3163 1532 3268 ὑποπτότεροι,

402 3283 529 3369 δῆλόν
563 3285 673 3362 ἐστιν
707 3286 745 3361 ἐν
777 3293 863 3375 τοῖς
892 3278 1094 3388 Ὀρφικοῖς
1117 3281 1226 3363 ἔπεσι
1250 3288 1307 3363 καὶ
1330 3295 1395 3378 τοῖς
1418 3290 1533 3389 Αἰγυπ-

404 3577 495 3629 ihrer
512 3575 739 3640 Philosophie
757 3573 886 3640 gelmupft
904 3572 980 3640 sieht,
999 3573 1086 3624 finden
1103 3573 1166 3624 wir”
1182 3591 1205 3625 e.
1216 3591 1242 3640 q.
1252 3591 1283 3644 3.,
1298 3593 1358 3642 pag.
1372 3590 1418 3641 14:
1430 3588 1471 3641 ,7,
1481 3578 1535 3628 Der

404 3665 581 3728 Ansehauung
600 3661 647 3712 der
665 3661 755 3728 Alteu,
770 3661 830 3710 dees
848 3660 903 3710 ihre
922 3660 1090 3726 Philosophie
1109 3661 1137 3710 in
1157 3662 1353 3713 Urtradirionen
1371 3664 1535 3729 vorgehildet

403 3751 450 3818 sei,
469 3750 611 3801 schliessen
629 3746 702 3798 sich''
722 3763 745 3798 e.
757 3763 783 3812 q.
794 3763 815 3797 e.

451 3837 478 3906 1)
497 3837 593 3888 Nescio
612 3843 699 3886 temen
718 3851 751 3885 en
770 3835 856 3900 ipsum
875 3833 1050 3885 Platonem
1067 3834 1110 3884 hic
1128 3834 1227 3885 indicet
1245 3837 1432 3888 Ams‘ro'rms
1447 3839 1534 3889 verbis

404 3941 471 3992 quer
493 3931 554 3974 sunt
581 3919 631 3970 riri
656 3917 685 3969 δέ
709 3935 787 3977 rura
813 3921 846 3971 cf.
874 3921 943 3972 Cret.
967 3922 1065 3988 402133
1090 3921 1198 3971 Theaet.
1227 3932 1275 3988 152
1291 3923 1323 3989 E,
1350 3922 1400 3973 180
1410 3925 1443 3975 D.
1466 3925 1534 3975 Vide

403 4014 527 4064 Boumu
545 4012 604 4062 Ind.
622 4011 639 4060 i.
649 4027 675 4060 v.
693 4006 816 4056 Πλάτωνι
834 4022 875 4074 „1.
894 4009 979 4059 libri
1000 4009 1115 4059 Platonis
1132 4017 1157 4058 et
1172 4009 1535 4074 quifemnturPletonisesse

405 4103 438 4152 eb
457 4101 537 4150 Arist.
556 4099 592 4150 ita
610 4098 784 4164 respiciuntur
802 4103 831 4146 ut
849 4103 892 4146 eut
903 4132 910 4146 .
922 4133 945 4148 ..
964 4103 1008 4146 aut
1024 4098 1138 4162 denique
1153 4112 1212 4146 cum
1227 4113 1275 4148 nec
1290 4099 1352 4149 libri
1362 4100 1535 4150 neePirtonie

403 4203 500 4239 nomen
519 4186 680 4252 adhibeatur,
697 4183 778 4234 veluti
797 4178 869 4243 pact,
886 4178 988 4237 dovrae,
1004 4179 1139 4246 νομίζουσί
1149 4197 1223 4240 τινες,
1241 4185 1375 4236 Platonem
1394 4195 1420 4236 et
1438 4195 1535 4237 eertum

405 4275 511 4342 quidem
529 4274 584 4324 eius
602 4273 698 4322 librum
716 4269 810 4335 respici
829 4270 872 4320 vel
889 4277 987 4320 certum
1005 4271 1040 4320 sir
1058 4270 1099 4320 vel
1118 4270 1288 4336 probabiliter
1305 4271 1484 4323 coniiciatur.”

450 4361 478 4430 2)
496 4363 585 4426 Praep.
610 4360 711 4423 Evang.
737 4357 786 4406 111.
814 4369 836 4406 1.
859 4367 881 4405 1.
901 4358 1058 4408 Prumcrr.
1077 4357 1118 4406 ed.
1137 4358 1271 4408 Durrrurr
1289 4357 1405 4428 (Didot),
1424 4360 1476 4410 vol.
1495 4359 1534 4409 V:

406 4448 507 4513 Fragm.
526 4455 552 4496 et
570 4461 651 4511 spur,
669 4460 728 4510 pag.
751 4455 791 4508 ιγ,
810 4443 857 4509 ΙΧ,
879 4455 901 4492 1.
921 4443 964 4494 Ci.
980 4452 1113 4509 praeterea
1131 4443 1164 4494 de
1181 4445 1256 4509 Pyth.
1272 4446 1348 4496 Orac.
1365 4447 1465 4497 XVIII:
1480 4446 1538 4506 προ-

403 4547 471 4591 τερον
494 4530 539 4592 μλν
562 4528 586 4579 ἓν
608 4525 743 4588 ποιήμασιν
768 4523 879 4591 δξίφιρον
904 4526 929 4575 οἱ
946 4527 1080 4590 φιλόσοφοι
1102 4528 1137 4577 τὰ
1163 4525 1282 4591 δόγματα
1303 4530 1421 4589 καὶτοὺς
1439 4534 1538 4594 λόγους,

403 4611 486 4673 ilem
503 4612 606 4674 Ὀρφεὺς
625 4609 667 4659 κοιλ
684 4606 798 4667 Ἡσίοδος
816 4607 858 4656 eal
874 4606 1029 4670 Παρμενίδης
1046 4607 1087 4658 ui
1104 4609 1237 4673 Ξινοφάνιις
1254 4613 1296 4660 rrae*
1312 4611 1482 4674 Ἐμπεδοκλῆς
1496 4613 1538 4662 nui

403 4696 506 4753 Θαλῆς·
523 4702 599 4744 κτλ.
