3724 5576
995 625 1040 676 10

502 800 666 898 Denique
688 827 768 874 curn
790 801 1146 898 prae-Socraticorum
1170 801 1457 900 philosophorum
1471 823 1582 896 opera

449 938 606 996 aetatem
633 921 769 996 tulerim
794 920 898 1014 nulia,
926 923 1126 1024 fragmenta
1149 940 1297 1015 tanum,
1320 925 1369 998 ab
1387 921 1460 996 aliis
1473 921 1582 1019 iisque

448 1045 697 1141 posterioribus
732 1062 885 1137 servata,
922 1046 989 1120 sint
1018 1044 1163 1145 reliqua,
1187 1048 1310 1120 PLATO
1336 1071 1424 1119 vero
1451 1045 1581 1142 primus

449 1167 549 1240 suerit
575 1165 815 1264 philosophus,
843 1169 939 1242 cuius
960 1169 1088 1266 scripta
1111 1170 1207 1266 quod
1229 1170 1380 1243 sciamus
1402 1167 1520 1242 omnia
1532 1166 1581 1240 ad

447 1313 513 1364 nos
547 1291 779 1386 pervenerint,
790 1287 815 1386 ¹)
850 1291 1004 1389 sequitur
1037 1307 1086 1381 ut,
1123 1308 1295 1390 quatenus
1331 1292 1377 1364 de
1410 1290 1580 1388 prioribus

447 1411 550 1501 dicat,
579 1437 691 1509 opera
719 1413 792 1486 eius
819 1414 949 1509 primus
977 1413 1043 1486 sint
1070 1413 1159 1504 sons,
1188 1440 1233 1488 ex
1256 1439 1327 1512 quo
1349 1412 1484 1486 illorum
1507 1411 1579 1509 pla-

447 1533 514 1608 cita
550 1533 856 1633 cognoscanturff)
888 1535 1040 1632 ideoque
1068 1536 1173 1610 etiam
1201 1537 1269 1610 hac
1299 1562 1344 1610 ex
1371 1551 1473 1633 parte
1500 1534 1580 1608 iudi·

447 1655 537 1729 cium
564 1657 637 1730 eius
664 1655 800 1754 plurimi
826 1656 868 1731 sit
896 1657 1104 1732 faciendum.

447 1899 725 1964 nichtsdestoweniger
752 1897 797 1948 der
824 1899 990 1950 Menschheit
1018 1916 1061 1966 au,
1086 1900 1146 1950 weil
1171 1901 1226 1950 sein
1251 1901 1322 1950 Volk
1350 1899 1404 1950 und
1427 1901 1500 1951 scine
1524 1901 1581 1951 Zeit

447 1988 506 2036 eine
531 1985 698 2037 wesentliche
723 1986 804 2036 stelle
825 1987 853 2035 in
871 1987 918 2036 der
936 1986 1094 2037 Geschichte
1113 1987 1159 2038 der
1178 1987 1344 2038 Menschheit
1362 1988 1508 2054 einnimmt,
1526 1988 1579 2038 und

446 2089 513 2122 zwar
535 2089 579 2122 um
603 2089 632 2122 so
657 2073 708 2122 viel
734 2073 807 2122 mehr
831 2073 869 2122 uis
893 2072 950 2122 sein
968 2073 1131 2139 Vorgium,
1155 2074 1215 2123 weil
1239 2074 1267 2124 iu
1288 2074 1343 2123 ihm
1361 2074 1417 2123 sich
1436 2074 1508 2140 alles,
1527 2090 1580 2126 wss

447 2159 640 2210 Griechenland
665 2160 700 2210 im
727 2159 836 2209 Gebiete
858 2159 904 2208 der
921 2160 1050 2225 geistigen
1070 2159 1244 2211 Erkenntniss
1262 2160 1372 2211 Wahres
1390 2161 1445 2211 und
1463 2161 1579 2212 Schdnes

446 2262 574 2310 errungen
592 2246 673 2312 hatte,
692 2246 836 2311 vereinigte
857 2246 912 2295 und
930 2247 1068 2313 verklurte,
1087 2264 1130 2297 um
1148 2263 1177 2298 es
1194 2248 1241 2298 frei
1259 2264 1310 2297 von
1329 2247 1381 2298 den
1400 2248 1578 2298 Auswiichsen

444 2333 491 2383 der
515 2333 700 2397 Einseitigkeit
725 2333 780 2382 und
799 2332 987 2398 Verblendung
1010 2333 1048 2382 als
1071 2334 1114 2383 ein
1138 2335 1233 2399 ewiges
1256 2334 1387 2384 Denkmul
1410 2334 1577 2385 minnlichen

445 2420 565 2485 Ringens
583 2420 651 2470 nach
670 2419 729 2469 dem
748 2419 885 2469 Hdchsten
902 2419 949 2468 der
965 2419 1102 2470 Nachwelt
1120 2437 1150 2470 zu
1169 2419 1352 2471 uberliesem.¹¹

493 2506 518 2573 1)
538 2507 578 2556 Cf.
600 2523 660 2572 pag.
682 2519 713 2568 14
731 2505 793 2557 adn.
815 2518 837 2558 1.

489 2593 518 2661 2)
546 2593 656 2642 Accedit
683 2593 756 2658 quod
782 2593 857 2642 Plato
886 2593 984 2658 primus
1007 2595 1094 2644 omnia
1118 2594 1172 2644 sere
1196 2609 1264 2659 quae
1288 2610 1303 2644 a
1328 2595 1457 2660 prioribus
1485 2595 1580 2645 tradita

445 2687 527 2746 erunt,
546 2679 687 2730 studiosius
705 2680 833 2744 spectavit
850 2679 964 2745 ideoque
983 2680 1084 2730 etiamsi
1103 2680 1207 2730 illorum
1226 2697 1307 2746 opera
1324 2687 1434 2732 aetatem
1450 2682 1579 2748 tulissent,

445 2766 540 2831 dignus
571 2773 647 2832 esset,
676 2766 749 2816 cuius
781 2766 905 2816 iudicium
937 2782 995 2816 cum
1024 2768 1092 2816 veris
1121 2767 1224 2817 illorum
1255 2767 1380 2817 doctrinis
1405 2769 1578 2836 conferretur3

445 2861 579 2918 praeterea
594 2869 609 2902 a
626 2851 733 2902 Platone
747 2868 825 2920 nova,
839 2860 868 2902 ut
877 2853 913 2903 itu
923 2853 1017 2920 dicam,
1026 2853 1149 2919 periodus
1160 2854 1272 2904 Graecae
1283 2854 1466 2920 philosophiae
1475 2855 1578 2920 incipit.
