3724 5576
804 731 846 803 51

260 907 502 1007 philosophiae
527 908 656 1005 scripta
682 924 764 982 sunt
791 909 970 981 Pcnroms
996 934 1126 1006 opera:
1157 906 1306 982 multum
1329 909 1392 982 arti

261 1046 298 1104 et
333 1031 478 1105 orationi
513 1056 597 1105 eum
629 1031 844 1105 concessisse
871 1057 979 1128 supra
1005 1032 1075 1104 iam
1102 1031 1258 1104 diximus.
1288 1031 1393 1104 Viam

260 1171 382 1227 tamen
408 1170 446 1228 et
470 1153 653 1243 rationem,
676 1179 770 1251 quae
791 1155 825 1228 in
846 1155 1001 1252 priorum
1022 1154 1256 1228 doctrinarum
1276 1155 1392 1250 dispu-

261 1275 394 1351 tatione
421 1293 516 1350 esset
537 1275 733 1374 sequenda,
757 1293 852 1350 recte
875 1277 1046 1366 indicavit,
1062 1302 1256 1374 earumque
1271 1277 1393 1350 doctri·

262 1423 388 1474 narum
414 1425 592 1474 summam
619 1398 667 1472 ad
692 1399 855 1473 historiae
883 1399 990 1472 fidem
1016 1399 1169 1473 scribere
1190 1399 1332 1474 studere
1353 1425 1394 1472 se

264 1521 443 1618 professus
470 1536 535 1596 est.

322 1790 354 1860 3.
385 1765 622 1860 Quaeritur
652 1765 825 1856 deinde,
853 1767 906 1840 de
932 1767 1092 1864 quibus
1118 1765 1396 1865 philosophis

264 1889 326 1962 sit
351 1887 669 1988 indagandum
696 1889 798 1985 quid
824 1888 985 1962 iudicet
1012 1889 1134 1962 Pharo
1157 1888 1395 1986 inscriptis

265 2011 371 2086 suis.
402 2011 506 2105 Quae
533 2011 692 2109 quaestio
719 2009 883 2083 difficilior
905 2027 970 2100 est,
994 2037 1101 2108 quam
1123 2012 1237 2108 primo
1251 2020 1406 2109 aspectu

259 2133 354 2207 lorte
375 2133 545 2206 videattu.
571 2131 698 2230 Capite
717 2132 832 2230 primo
846 2133 916 2206 iam
929 2133 1089 2222 diximus
1104 2134 1246 2207 adeam
1260 2132 1396 2206 solven-

265 2257 350 2330 dam
372 2281 464 2354 opus
486 2281 578 2346 esse,
592 2269 631 2329 ut
644 2280 824 2352 quaenam
838 2255 935 2353 apud
948 2256 1146 2329 Psarouan
1152 2255 1398 2353 philosophata

266 2379 361 2453 notio
395 2395 564 2468 occurrat,
599 2376 837 2478 investigetur.
867 2378 1009 2476 Nempe
1035 2379 1064 2452 si
1090 2378 1282 2477 respondet
1308 2377 1395 2475 quis,

265 2500 312 2574 de
338 2501 500 2574 omnibus
526 2525 607 2573 esse
634 2499 831 2589 dicendum,
860 2526 950 2598 quos
976 2525 1041 2574 nos
1064 2500 1159 2574 hisce
1180 2499 1398 2597 temporibus

265 2623 298 2696 in
323 2622 682 2721 prae-Socraticorum
709 2621 998 2720 philosophorum
1020 2649 1166 2697 numero
1188 2623 1397 2712 habeamus,

265 2771 335 2820 non
357 2746 499 2820 omnino
521 2759 617 2819 recte
637 2745 853 2841 respondere
877 2745 906 2818 is
927 2745 1073 2837 videtur,
1098 2772 1177 2819 cum
1191 2771 1214 2818 a
1227 2747 1399 2819 Pca'rons

265 2867 556 2967 proficiscendum
595 2866 677 2940 mihi
715 2892 796 2941 esse
836 2867 949 2965 primo
984 2869 1125 2942 huiusce
1161 2867 1399 2965 disputationis

268 2991 384 3087 capite
425 2990 612 3063 indicatum
652 2989 707 3079 sit,
750 2990 891 3064 minime
934 3016 1020 3064 vero
1061 3006 1208 3080 constet,
1251 2990 1399 3064 eosdem

266 3111 360 3186 illum
382 3113 469 3186 inter
490 3109 721 3208 philosophos
742 3137 927 3186 numerare
949 3139 1039 3209 quos
1055 3139 1132 3202 n05,
1152 3129 1213 3186 aut
1232 3113 1398 3201 omnium,

269 3260 359 3332 quos
379 3232 609 3332 philosophos
630 3233 776 3323 duxerit,
800 3232 893 3306 illum
911 3234 1090 3333 inscriptis
1103 3236 1173 3308 suis
1186 3235 1399 3308 mentionem

269 3356 396 3430 [acere.

324 3478 469 3569 Contra,
506 3504 570 3552 eos
605 3475 701 3552 solos
736 3493 899 3568 tractare,
928 3505 1020 3577 quos
1046 3481 1249 3554 nominatim
1276 3479 1402 3553 aflerat

269 3603 404 3692 PnnTO,
428 3626 546 3698 neque
568 3601 636 3674 hoc
654 3599 787 3691 sufficit,
803 3627 882 3674 cum
896 3619 934 3676 ut
947 3601 1112 3700 exemplo
1126 3618 1215 3692 utar,
1239 3601 1400 3698 Pytha·

268 3724 403 3825 gorei
438 3724 495 3796 vix
534 3723 582 3796 ab
618 3749 664 3797 eo
700 3723 930 3814 nominentur,
962 3723 1087 3798 horum
1114 3751 1201 3799 vero
1228 3723 1401 3798 doctrinas

268 3847 409 3945 saepius
434 3861 581 3942 spectet.

322 3969 399 4042 Nec
425 3968 619 4042 audiendus
641 3983 696 4042 est
720 3967 852 4042 Gnonu
875 3992 947 4041 vnn
969 3970 1204 4060 Pamsraaan,
1220 3970 1289 4068 qui,
1304 3987 1399 4066 post-

270 4117 377 4190 quam
412 4091 445 4163 in
480 4090 596 4189 priore
627 4089 701 4164 libri
727 4092 778 4164 sui
804 4107 907 4189 parte
934 4118 1069 4182 omnes,
1100 4118 1190 4190 quos
1216 4093 1401 4166 Socratem

270 4229 390 4287 aetate
404 4213 633 4287 antecessisse
647 4228 760 4309 putat,
774 4215 971 4310 promiscue
985 4216 1146 4288 tractavit
1159 4213 1400 4312 philosophos,

270 4337 459 4433 sapientes,
487 4345 626 4432 poetas,
654 4333 752 4424 alios,
780 4335 814 4408 in
842 4334 981 4410 alterius
1008 4337 1116 4435 partis
1138 4337 1253 4433 capite
1275 4337 1399 4432 prime,

271 4485 342 4556 quo
378 4457 425 4531 de
451 4456 674 4554 philosophis
700 4457 865 4555 disputat,
894 4459 1084 4557 separatim
1113 4458 1295 4558 agendum
1322 4483 1402 4532 esse

271 4596 391 4655 censet
417 4581 463 4654 de
490 4579 686 4668 Socraticis
711 4580 757 4654 de
779 4580 1022 4680 Pythagoreis,
1047 4581 1093 4654 de
1106 4579 1280 4671 Eleaticis,
1295 4607 1402 4679 quan-

271 4703 463 4802 doquidem
489 4703 524 4776 hi
551 4703 705 4776 Socratis
726 4718 763 4777 et
785 4701 938 4777 Platonis
951 4720 1071 4778 aetate
1084 4705 1237 4778 maxime
1251 4704 1403 4804 insignes
