<?xml version="1.0" encoding="UTF-8"?>
<!DOCTYPE html PUBLIC "-//W3C//DTD XHTML 1.0 Transitional//EN"
    "http://www.w3.org/TR/xhtml1/DTD/xhtml1-transitional.dtd">
<html xmlns="http://www.w3.org/1999/xhtml" xml:lang="en" lang="en">
 <head>
  <title>
</title>
<meta http-equiv="Content-Type" content="text/html;charset=utf-8" />
  <meta name='ocr-system' content='tesseract 3.04.00' />
  <meta name='ocr-capabilities' content='ocr_page ocr_carea ocr_par ocr_line ocrx_word'/>
</head>
<body>
  <div class='ocr_page' id='page_1' title='image "./deplatonepraeso01woltgoog_0177.png"; bbox 0 0 3698 5574; ppageno 0'>
   <div class='ocr_carea' id='block_1_1' title="bbox 993 646 1065 713">
    <p class='ocr_par' dir='ltr' id='par_1_1' title="bbox 993 646 1065 713">
     <span class='ocr_line' id='line_1_1' title="bbox 993 646 1065 713; baseline 0.014 -1"><span class='ocrx_word' id='word_1_1' title='bbox 993 646 1065 713; x_wconf 81' lang='lat'>160</span> 
     </span>
    </p>
   </div>
   <div class='ocr_carea' id='block_1_2' title="bbox 400 837 1592 3876">
    <p class='ocr_par' dir='ltr' id='par_1_2' title="bbox 400 837 1592 3876">
     <span class='ocr_line' id='line_1_2' title="bbox 516 837 1589 938; baseline -0.003 -24"><span class='ocrx_word' id='word_1_2' title='bbox 516 839 571 914; x_wconf 85' lang='lat' dir='ltr'>At</span> <span class='ocrx_word' id='word_1_3' title='bbox 610 841 698 938; x_wconf 91' lang='lat' dir='ltr'>ipsis</span> <span class='ocrx_word' id='word_1_4' title='bbox 733 840 856 914; x_wconf 89' lang='lat' dir='ltr'>verbis</span> <span class='ocrx_word' id='word_1_5' title='bbox 893 839 1068 936; x_wconf 91' lang='lat' dir='ltr'>scriptum</span> <span class='ocrx_word' id='word_1_6' title='bbox 1105 837 1251 936; x_wconf 85' lang='lat' dir='ltr'>legitur,</span> <span class='ocrx_word' id='word_1_7' title='bbox 1281 839 1412 912; x_wconf 85' lang='lat' dir='ltr'>dixerit</span> <span class='ocrx_word' id='word_1_8' title='bbox 1440 837 1589 936; x_wconf 89' lang='lat' dir='ltr'>aliquis:</span> 
     </span>
     <span class='ocr_line' id='line_1_3' title="bbox 459 957 1591 1067; baseline -0.005 -27"><span class='ocrx_word' id='word_1_9' title='bbox 459 963 542 1066; x_wconf 78' lang='grc' dir='ltr'>λέγει</span> <span class='ocrx_word' id='word_1_10' title='bbox 569 965 609 1042; x_wconf 81' lang='grc' dir='ltr'>δέ</span> <span class='ocrx_word' id='word_1_11' title='bbox 628 995 687 1042; x_wconf 85' lang='grc' dir='ltr'>που</span> <span class='ocrx_word' id='word_1_12' title='bbox 712 965 772 1041; x_wconf 74' lang='grc' dir='ltr'><em>καί</em></span> <span class='ocrx_word' id='word_1_13' title='bbox 794 957 934 1067; x_wconf 68' lang='grc' dir='ltr'>Ὀρφεύς.</span> <span class='ocrx_word' id='word_1_14' title='bbox 961 961 1158 1036; x_wconf 89' lang='lat' dir='ltr'>Concedo:</span> <span class='ocrx_word' id='word_1_15' title='bbox 1184 978 1350 1036; x_wconf 86' lang='lat' dir='ltr'>attamen</span> <span class='ocrx_word' id='word_1_16' title='bbox 1372 987 1497 1035; x_wconf 92' lang='lat' dir='ltr'>nonne</span> <span class='ocrx_word' id='word_1_17' title='bbox 1513 960 1591 1034; x_wconf 91' lang='lat' dir='ltr'>fieri</span> 
     </span>
     <span class='ocr_line' id='line_1_4' title="bbox 459 1082 1591 1182; baseline -0.003 -24"><span class='ocrx_word' id='word_1_18' title='bbox 459 1100 597 1182; x_wconf 88' lang='lat' dir='ltr'>potest,</span> <span class='ocrx_word' id='word_1_19' title='bbox 627 1101 667 1159; x_wconf 92' lang='lat' dir='ltr'>ut</span> <span class='ocrx_word' id='word_1_20' title='bbox 696 1085 747 1158; x_wconf 94' lang='lat' dir='ltr'>ita</span> <span class='ocrx_word' id='word_1_21' title='bbox 774 1084 958 1182; x_wconf 84' lang='lat' dir='ltr'>scripserit</span> <span class='ocrx_word' id='word_1_22' title='bbox 987 1085 1113 1157; x_wconf 75' lang='lat' dir='ltr'>Panno</span> <span class='ocrx_word' id='word_1_23' title='bbox 1137 1082 1274 1157; x_wconf 88' lang='lat' dir='ltr'>nuliam</span> <span class='ocrx_word' id='word_1_24' title='bbox 1300 1083 1350 1156; x_wconf 94' lang='lat' dir='ltr'>ob</span> <span class='ocrx_word' id='word_1_25' title='bbox 1374 1082 1485 1156; x_wconf 90' lang='lat' dir='ltr'>aliam</span> <span class='ocrx_word' id='word_1_26' title='bbox 1510 1108 1591 1156; x_wconf 91' lang='lat' dir='ltr'>cau·</span> 
     </span>
     <span class='ocr_line' id='line_1_5' title="bbox 458 1205 1591 1305; baseline -0.004 -23"><span class='ocrx_word' id='word_1_27' title='bbox 458 1233 551 1299; x_wconf 89' lang='lat' dir='ltr'>sam,</span> <span class='ocrx_word' id='word_1_28' title='bbox 585 1208 651 1281; x_wconf 91' lang='lat' dir='ltr'>nisi</span> <span class='ocrx_word' id='word_1_29' title='bbox 676 1208 777 1305; x_wconf 93' lang='lat' dir='ltr'>quod</span> <span class='ocrx_word' id='word_1_30' title='bbox 799 1206 916 1305; x_wconf 86' lang='lat' dir='ltr'>vulgo</span> <span class='ocrx_word' id='word_1_31' title='bbox 940 1207 1011 1280; x_wconf 93' lang='lat' dir='ltr'>hoc</span> <span class='ocrx_word' id='word_1_32' title='bbox 1035 1207 1148 1280; x_wconf 92' lang='lat' dir='ltr'>modo</span> <span class='ocrx_word' id='word_1_33' title='bbox 1173 1205 1315 1280; x_wconf 89' lang='lat' dir='ltr'>laudari</span> <span class='ocrx_word' id='word_1_34' title='bbox 1338 1205 1475 1279; x_wconf 91' lang='lat' dir='ltr'>soleret</span> <span class='ocrx_word' id='word_1_35' title='bbox 1499 1205 1591 1278; x_wconf 91' lang='lat' dir='ltr'>haec</span> 
     </span>
     <span class='ocr_line' id='line_1_6' title="bbox 457 1328 1592 1428; baseline -0.004 -24"><span class='ocrx_word' id='word_1_36' title='bbox 457 1331 686 1428; x_wconf 85' lang='lat' dir='ltr'>theogonia?</span> <span class='ocrx_word' id='word_1_37' title='bbox 728 1329 866 1403; x_wconf 87' lang='lat' dir='ltr'>Nonne</span> <span class='ocrx_word' id='word_1_38' title='bbox 906 1330 973 1403; x_wconf 87' lang='lat' dir='ltr'>viri</span> <span class='ocrx_word' id='word_1_39' title='bbox 1015 1330 1114 1403; x_wconf 93' lang='lat' dir='ltr'>docti</span> <span class='ocrx_word' id='word_1_40' title='bbox 1152 1329 1214 1426; x_wconf 93' lang='lat' dir='ltr'>qui</span> <span class='ocrx_word' id='word_1_41' title='bbox 1251 1330 1475 1404; x_wconf 88' lang='lat' dir='ltr'>arbitrantur</span> <span class='ocrx_word' id='word_1_42' title='bbox 1513 1328 1592 1400; x_wconf 89' lang='lat' dir='ltr'>Ho-</span> 
     </span>
     <span class='ocr_line' id='line_1_7' title="bbox 400 1450 1591 1546; baseline -0.005 -18"><span class='ocrx_word' id='word_1_43' title='bbox 400 1489 402 1494; x_wconf 89' lang='lat'><em>·</em></span> <span class='ocrx_word' id='word_1_44' title='bbox 459 1477 593 1528; x_wconf 73' lang='lat' dir='ltr'>uanum</span> <span class='ocrx_word' id='word_1_45' title='bbox 630 1453 741 1526; x_wconf 78' lang='lat' dir='ltr'>[uisse</span> <span class='ocrx_word' id='word_1_46' title='bbox 770 1451 920 1543; x_wconf 89' lang='lat' dir='ltr'>nullum,</span> <span class='ocrx_word' id='word_1_47' title='bbox 951 1468 1076 1526; x_wconf 91' lang='lat' dir='ltr'>tamen</span> <span class='ocrx_word' id='word_1_48' title='bbox 1105 1452 1287 1526; x_wconf 91' lang='lat' dir='ltr'>scribunt:</span> <span class='ocrx_word' id='word_1_49' title='bbox 1323 1452 1431 1546; x_wconf 90' lang='lat' dir='ltr'>,dicit</span> <span class='ocrx_word' id='word_1_50' title='bbox 1459 1450 1591 1525; x_wconf 91' lang='lat' dir='ltr'>alicubi</span> 
     </span>
     <span class='ocr_line' id='line_1_8' title="bbox 459 1574 1591 1673; baseline -0.003 -24"><span class='ocrx_word' id='word_1_51' title='bbox 459 1576 648 1649; x_wconf 78' lang='lat' dir='ltr'>Hounnus</span> <span class='ocrx_word' id='word_1_52' title='bbox 658 1574 694 1646; x_wconf 87' lang='lat'>?&#39;’</span> <span class='ocrx_word' id='word_1_53' title='bbox 722 1575 809 1648; x_wconf 93' lang='lat' dir='ltr'>Non</span> <span class='ocrx_word' id='word_1_54' title='bbox 834 1575 899 1649; x_wconf 76' lang='lat' dir='ltr'>hoc</span> <span class='ocrx_word' id='word_1_55' title='bbox 913 1575 1090 1673; x_wconf 89' lang='lat' dir='ltr'>imprimis</span> <span class='ocrx_word' id='word_1_56' title='bbox 1105 1591 1162 1648; x_wconf 90' lang='lat' dir='ltr'>est</span> <span class='ocrx_word' id='word_1_57' title='bbox 1177 1574 1432 1671; x_wconf 91' lang='lat' dir='ltr'>quaerendum</span> <span class='ocrx_word' id='word_1_58' title='bbox 1447 1574 1483 1646; x_wconf 94' lang='lat' dir='ltr'>in</span> <span class='ocrx_word' id='word_1_59' title='bbox 1500 1575 1591 1647; x_wconf 70' lang='lat' dir='ltr'>Pnu-</span> 
     </span>
     <span class='ocr_line' id='line_1_9' title="bbox 457 1688 1590 1796; baseline -0.004 -24"><span class='ocrx_word' id='word_1_60' title='bbox 457 1721 567 1789; x_wconf 75' lang='lat' dir='ltr'>tona,</span> <span class='ocrx_word' id='word_1_61' title='bbox 606 1715 728 1771; x_wconf 91' lang='lat' dir='ltr'>utrum</span> <span class='ocrx_word' id='word_1_62' title='bbox 762 1699 936 1796; x_wconf 90' lang='lat' dir='ltr'>scriptum</span> <span class='ocrx_word' id='word_1_63' title='bbox 970 1688 1117 1795; x_wconf 85' lang='lat' dir='ltr'>legatur</span> <span class='ocrx_word' id='word_1_64' title='bbox 1144 1697 1283 1794; x_wconf 91' lang='lat' dir='ltr'>aliquid</span> <span class='ocrx_word' id='word_1_65' title='bbox 1311 1723 1446 1772; x_wconf 92' lang='lat' dir='ltr'>necne:</span> <span class='ocrx_word' id='word_1_66' title='bbox 1477 1698 1590 1770; x_wconf 94' lang='lat' dir='ltr'>immo</span> 
     </span>
     <span class='ocr_line' id='line_1_10' title="bbox 458 1819 1589 1918; baseline -0.004 -22"><span class='ocrx_word' id='word_1_67' title='bbox 458 1847 549 1896; x_wconf 90' lang='lat' dir='ltr'>vero</span> <span class='ocrx_word' id='word_1_68' title='bbox 586 1821 672 1895; x_wconf 79' lang='lat' dir='ltr'>haec</span> <span class='ocrx_word' id='word_1_69' title='bbox 707 1837 764 1894; x_wconf 90' lang='lat' dir='ltr'>est</span> <span class='ocrx_word' id='word_1_70' title='bbox 802 1821 983 1918; x_wconf 83' lang='lat' dir='ltr'>quaestio,</span> <span class='ocrx_word' id='word_1_71' title='bbox 1021 1836 1155 1912; x_wconf 91' lang='lat' dir='ltr'>utrum,</span> <span class='ocrx_word' id='word_1_72' title='bbox 1194 1821 1223 1893; x_wconf 93' lang='lat' dir='ltr'>si</span> <span class='ocrx_word' id='word_1_73' title='bbox 1260 1819 1366 1894; x_wconf 90' lang='lat' dir='ltr'>aliter</span> <span class='ocrx_word' id='word_1_74' title='bbox 1403 1820 1589 1910; x_wconf 85' lang='lat' dir='ltr'>sensisset,</span> 
     </span>
     <span class='ocr_line' id='line_1_11' title="bbox 457 1943 1588 2040; baseline -0.004 -22"><span class='ocrx_word' id='word_1_75' title='bbox 457 1943 562 2018; x_wconf 88' lang='lat' dir='ltr'>aliter</span> <span class='ocrx_word' id='word_1_76' title='bbox 603 1945 715 2017; x_wconf 90' lang='lat' dir='ltr'>etiam</span> <span class='ocrx_word' id='word_1_77' title='bbox 757 1944 916 2017; x_wconf 91' lang='lat' dir='ltr'>scribere</span> <span class='ocrx_word' id='word_1_78' title='bbox 953 1944 1150 2018; x_wconf 88' lang='lat' dir='ltr'>debuisset.</span> <span class='ocrx_word' id='word_1_79' title='bbox 1192 1943 1324 2040; x_wconf 88' lang='lat' dir='ltr'>itaque</span> <span class='ocrx_word' id='word_1_80' title='bbox 1361 1961 1401 2018; x_wconf 92' lang='lat' dir='ltr'>ut</span> <span class='ocrx_word' id='word_1_81' title='bbox 1437 1943 1588 2015; x_wconf 89' lang='lat' dir='ltr'>demon-</span> 
     </span>
     <span class='ocr_line' id='line_1_12' title="bbox 457 2064 1588 2164; baseline -0.003 -24"><span class='ocrx_word' id='word_1_82' title='bbox 457 2082 592 2140; x_wconf 90' lang='lat' dir='ltr'>stretur</span> <span class='ocrx_word' id='word_1_83' title='bbox 628 2091 675 2140; x_wconf 86' lang='lat' dir='ltr'>ex</span> <span class='ocrx_word' id='word_1_84' title='bbox 713 2066 917 2148; x_wconf 47' lang='lat' dir='ltr'>Pnaaouls.</span> <span class='ocrx_word' id='word_1_85' title='bbox 938 2065 1113 2163; x_wconf 92' lang='lat' dir='ltr'>opinione</span> <span class='ocrx_word' id='word_1_86' title='bbox 1150 2066 1394 2164; x_wconf 86' lang='lat' dir='ltr'>theogoniam</span> <span class='ocrx_word' id='word_1_87' title='bbox 1432 2064 1588 2162; x_wconf 90' lang='lat' dir='ltr'>Orpheo</span> 
     </span>
     <span class='ocr_line' id='line_1_13' title="bbox 457 2189 1590 2292; baseline 0.003 -30"><span class='ocrx_word' id='word_1_88' title='bbox 457 2214 539 2262; x_wconf 91' lang='lat' dir='ltr'>esse</span> <span class='ocrx_word' id='word_1_89' title='bbox 568 2189 864 2280; x_wconf 80' lang='lat' dir='ltr'>adscribendam,</span> <span class='ocrx_word' id='word_1_90' title='bbox 895 2212 968 2262; x_wconf 89' lang='lat' dir='ltr'>nou</span> <span class='ocrx_word' id='word_1_91' title='bbox 997 2189 1140 2280; x_wconf 88' lang='lat' dir='ltr'>sufficit,</span> <span class='ocrx_word' id='word_1_92' title='bbox 1165 2205 1205 2262; x_wconf 93' lang='lat' dir='ltr'>ut</span> <span class='ocrx_word' id='word_1_93' title='bbox 1230 2189 1345 2263; x_wconf 91' lang='lat' dir='ltr'>verba</span> <span class='ocrx_word' id='word_1_94' title='bbox 1369 2189 1482 2262; x_wconf 88' lang='lat' dir='ltr'>haec:</span> <span class='ocrx_word' id='word_1_95' title='bbox 1508 2189 1590 2292; x_wconf 70' lang='grc' dir='ltr'>λέγει</span> 
     </span>
     <span class='ocr_line' id='line_1_14' title="bbox 457 2307 1590 2415; baseline -0.004 -27"><span class='ocrx_word' id='word_1_96' title='bbox 457 2313 499 2388; x_wconf 73' lang='grc' dir='ltr'>δέ</span> <span class='ocrx_word' id='word_1_97' title='bbox 517 2342 577 2390; x_wconf 86' lang='grc' dir='ltr'>που</span> <span class='ocrx_word' id='word_1_98' title='bbox 601 2319 658 2391; x_wconf 83' lang='grc' dir='ltr'>καὶ</span> <span class='ocrx_word' id='word_1_99' title='bbox 682 2307 813 2415; x_wconf 74' lang='grc' dir='ltr'>Ὀρφεύς</span> <span class='ocrx_word' id='word_1_100' title='bbox 828 2311 1015 2409; x_wconf 88' lang='lat' dir='ltr'>scripsisse</span> <span class='ocrx_word' id='word_1_101' title='bbox 1030 2336 1116 2384; x_wconf 92' lang='lat' dir='ltr'>eum</span> <span class='ocrx_word' id='word_1_102' title='bbox 1133 2313 1371 2386; x_wconf 87' lang='lat' dir='ltr'>ostendatur:</span> <span class='ocrx_word' id='word_1_103' title='bbox 1388 2335 1590 2385; x_wconf 91' lang='lat' dir='ltr'>necesse</span> 
     </span>
     <span class='ocr_line' id='line_1_15' title="bbox 458 2433 1591 2525; baseline -0.001 -18"><span class='ocrx_word' id='word_1_104' title='bbox 458 2449 532 2507; x_wconf 91' lang='lat' dir='ltr'>est</span> <span class='ocrx_word' id='word_1_105' title='bbox 560 2433 728 2525; x_wconf 92' lang='lat' dir='ltr'>etiam,</span> <span class='ocrx_word' id='word_1_106' title='bbox 758 2449 806 2506; x_wconf 89' lang='lat' dir='ltr'>ut</span> <span class='ocrx_word' id='word_1_107' title='bbox 834 2434 1225 2525; x_wconf 83' lang='lat' dir='ltr'>demonstretur,</span> <span class='ocrx_word' id='word_1_108' title='bbox 1250 2460 1353 2507; x_wconf 90' lang='lat' dir='ltr'>eum</span> <span class='ocrx_word' id='word_1_109' title='bbox 1378 2435 1417 2507; x_wconf 89' lang='lat' dir='ltr'>si</span> <span class='ocrx_word' id='word_1_110' title='bbox 1440 2433 1591 2507; x_wconf 89' lang='lat' dir='ltr'>aliter</span> 
     </span>
     <span class='ocr_line' id='line_1_16' title="bbox 457 2555 1591 2646; baseline 0 -17"><span class='ocrx_word' id='word_1_111' title='bbox 457 2557 759 2646; x_wconf 90' lang='lat' dir='ltr'>censuisset,</span> <span class='ocrx_word' id='word_1_112' title='bbox 801 2555 953 2630; x_wconf 91' lang='lat' dir='ltr'>aliter</span> <span class='ocrx_word' id='word_1_113' title='bbox 994 2557 1215 2630; x_wconf 92' lang='lat' dir='ltr'>scribere</span> <span class='ocrx_word' id='word_1_114' title='bbox 1259 2557 1503 2630; x_wconf 87' lang='lat' dir='ltr'>debuisse.</span> <span class='ocrx_word' id='word_1_115' title='bbox 1548 2555 1591 2629; x_wconf 90' lang='lat' dir='ltr'>ld</span> 
     </span>
     <span class='ocr_line' id='line_1_17' title="bbox 458 2677 1590 2776; baseline 0 -26"><span class='ocrx_word' id='word_1_116' title='bbox 458 2677 559 2775; x_wconf 94' lang='lat' dir='ltr'>quod</span> <span class='ocrx_word' id='word_1_117' title='bbox 583 2677 829 2750; x_wconf 90' lang='lat' dir='ltr'>demonstrari</span> <span class='ocrx_word' id='word_1_118' title='bbox 854 2703 966 2774; x_wconf 92' lang='lat' dir='ltr'>posse</span> <span class='ocrx_word' id='word_1_119' title='bbox 990 2704 1110 2776; x_wconf 87' lang='lat' dir='ltr'>nego:</span> <span class='ocrx_word' id='word_1_120' title='bbox 1136 2677 1272 2752; x_wconf 84' lang='lat' dir='ltr'>scilicet</span> <span class='ocrx_word' id='word_1_121' title='bbox 1295 2678 1473 2776; x_wconf 89' lang='lat' dir='ltr'>imprimis</span> <span class='ocrx_word' id='word_1_122' title='bbox 1497 2677 1590 2750; x_wconf 91' lang='lat' dir='ltr'>ratio</span> 
     </span>
     <span class='ocr_line' id='line_1_18' title="bbox 457 2799 1589 2897; baseline 0.002 -26"><span class='ocrx_word' id='word_1_123' title='bbox 457 2815 515 2872; x_wconf 88' lang='lat' dir='ltr'>est</span> <span class='ocrx_word' id='word_1_124' title='bbox 561 2799 735 2872; x_wconf 89' lang='lat' dir='ltr'>habenda</span> <span class='ocrx_word' id='word_1_125' title='bbox 773 2825 928 2896; x_wconf 89' lang='lat' dir='ltr'>operum</span> <span class='ocrx_word' id='word_1_126' title='bbox 964 2801 1153 2874; x_wconf 74' lang='lat' dir='ltr'>Pnnronls</span> <span class='ocrx_word' id='word_1_127' title='bbox 1189 2800 1331 2874; x_wconf 78' lang='lat' dir='ltr'>formae</span> <span class='ocrx_word' id='word_1_128' title='bbox 1370 2800 1589 2897; x_wconf 85' lang='lat' dir='ltr'>dialogicae,</span> 
     </span>
     <span class='ocr_line' id='line_1_19' title="bbox 457 2923 1589 3021; baseline 0 -27"><span class='ocrx_word' id='word_1_129' title='bbox 457 2923 505 2995; x_wconf 92' lang='lat' dir='ltr'>de</span> <span class='ocrx_word' id='word_1_130' title='bbox 542 2948 616 3019; x_wconf 90' lang='lat' dir='ltr'>qua</span> <span class='ocrx_word' id='word_1_131' title='bbox 653 2923 689 2994; x_wconf 93' lang='lat' dir='ltr'>in</span> <span class='ocrx_word' id='word_1_132' title='bbox 717 2923 823 2994; x_wconf 93' lang='lat' dir='ltr'>huius</span> <span class='ocrx_word' id='word_1_133' title='bbox 852 2923 1111 3021; x_wconf 86' lang='lat' dir='ltr'>disputationis</span> <span class='ocrx_word' id='word_1_134' title='bbox 1135 2924 1257 3021; x_wconf 92' lang='lat' dir='ltr'>priore</span> <span class='ocrx_word' id='word_1_135' title='bbox 1281 2939 1388 3021; x_wconf 89' lang='lat' dir='ltr'>parte</span> <span class='ocrx_word' id='word_1_136' title='bbox 1413 2923 1589 2996; x_wconf 86' lang='lat' dir='ltr'>diximus:</span> 
     </span>
     <span class='ocr_line' id='line_1_20' title="bbox 457 3043 1592 3143; baseline -0.001 -25"><span class='ocrx_word' id='word_1_137' title='bbox 457 3071 555 3143; x_wconf 91' lang='lat' dir='ltr'>quae</span> <span class='ocrx_word' id='word_1_138' title='bbox 579 3045 711 3119; x_wconf 91' lang='lat' dir='ltr'>imitari</span> <span class='ocrx_word' id='word_1_139' title='bbox 736 3045 831 3119; x_wconf 92' lang='lat' dir='ltr'>solet</span> <span class='ocrx_word' id='word_1_140' title='bbox 852 3047 954 3120; x_wconf 92' lang='lat' dir='ltr'>vitae</span> <span class='ocrx_word' id='word_1_141' title='bbox 974 3048 1184 3121; x_wconf 88' lang='lat' dir='ltr'>cotidianae</span> <span class='ocrx_word' id='word_1_142' title='bbox 1199 3071 1432 3138; x_wconf 79' lang='lat' dir='ltr'>sermonem3</span> <span class='ocrx_word' id='word_1_143' title='bbox 1449 3043 1474 3141; x_wconf 86' lang='lat'>¹)</span> <span class='ocrx_word' id='word_1_144' title='bbox 1491 3045 1592 3118; x_wconf 92' lang='lat' dir='ltr'>cuius</span> 
     </span>
     <span class='ocr_line' id='line_1_21' title="bbox 456 3166 1591 3267; baseline -0.001 -25"><span class='ocrx_word' id='word_1_145' title='bbox 456 3169 493 3242; x_wconf 92' lang='lat' dir='ltr'>id</span> <span class='ocrx_word' id='word_1_146' title='bbox 530 3184 587 3242; x_wconf 91' lang='lat' dir='ltr'>est</span> <span class='ocrx_word' id='word_1_147' title='bbox 624 3169 827 3265; x_wconf 92' lang='lat' dir='ltr'>proprium,</span> <span class='ocrx_word' id='word_1_148' title='bbox 866 3185 906 3242; x_wconf 95' lang='lat' dir='ltr'>ut</span> <span class='ocrx_word' id='word_1_149' title='bbox 943 3169 1058 3244; x_wconf 87' lang='lat' dir='ltr'>evitet</span> <span class='ocrx_word' id='word_1_150' title='bbox 1092 3170 1229 3259; x_wconf 92' lang='lat' dir='ltr'>omnia,</span> <span class='ocrx_word' id='word_1_151' title='bbox 1261 3194 1357 3267; x_wconf 88' lang='lat' dir='ltr'>quae</span> <span class='ocrx_word' id='word_1_152' title='bbox 1386 3193 1462 3241; x_wconf 91' lang='lat' dir='ltr'>non</span> <span class='ocrx_word' id='word_1_153' title='bbox 1490 3166 1591 3241; x_wconf 93' lang='lat' dir='ltr'>aliud</span> 
     </span>
     <span class='ocr_line' id='line_1_22' title="bbox 456 3290 1592 3390; baseline -0.001 -26"><span class='ocrx_word' id='word_1_154' title='bbox 456 3290 530 3364; x_wconf 90' lang='lat' dir='ltr'>alio</span> <span class='ocrx_word' id='word_1_155' title='bbox 573 3291 694 3388; x_wconf 88' lang='lat' dir='ltr'>magis</span> <span class='ocrx_word' id='word_1_156' title='bbox 735 3291 784 3363; x_wconf 91' lang='lat' dir='ltr'>ad</span> <span class='ocrx_word' id='word_1_157' title='bbox 816 3308 1079 3388; x_wconf 85' lang='lat' dir='ltr'>argumentum</span> <span class='ocrx_word' id='word_1_158' title='bbox 1117 3292 1338 3390; x_wconf 90' lang='lat' dir='ltr'>pertineant,</span> <span class='ocrx_word' id='word_1_159' title='bbox 1377 3315 1424 3364; x_wconf 91' lang='lat' dir='ltr'>ne</span> <span class='ocrx_word' id='word_1_160' title='bbox 1462 3333 1513 3344; x_wconf 94' lang='lat'><strong>—</strong></span> <span class='ocrx_word' id='word_1_161' title='bbox 1551 3306 1592 3363; x_wconf 95' lang='lat' dir='ltr'>ut</span> 
     </span>
     <span class='ocr_line' id='line_1_23' title="bbox 458 3411 1591 3518; baseline 0.004 -32"><span class='ocrx_word' id='word_1_162' title='bbox 458 3415 537 3511; x_wconf 92' lang='lat' dir='ltr'>ipse</span> <span class='ocrx_word' id='word_1_163' title='bbox 580 3413 707 3486; x_wconf 77' lang='lat' dir='ltr'>PLnTo</span> <span class='ocrx_word' id='word_1_164' title='bbox 748 3413 835 3487; x_wconf 91' lang='lat' dir='ltr'>dicit</span> <span class='ocrx_word' id='word_1_165' title='bbox 875 3457 927 3468; x_wconf 93' lang='lat'><em>-</em></span> <span class='ocrx_word' id='word_1_166' title='bbox 968 3421 1063 3492; x_wconf 85' lang='grc' dir='ltr'>πλείω</span> <span class='ocrx_word' id='word_1_167' title='bbox 1101 3413 1149 3493; x_wconf 79' lang='lat' dir='ltr'>uisi</span> <span class='ocrx_word' id='word_1_168' title='bbox 1188 3415 1367 3518; x_wconf 79' lang='grc' dir='ltr'><em>ἐπιρρέοντα</em></span> <span class='ocrx_word' id='word_1_169' title='bbox 1404 3411 1591 3516; x_wconf 82' lang='grc' dir='ltr'>καταχῶσει</span> 
     </span>
     <span class='ocr_line' id='line_1_24' title="bbox 458 3532 1590 3641; baseline -0.005 -29"><span class='ocrx_word' id='word_1_170' title='bbox 458 3537 582 3639; x_wconf 74' lang='grc' dir='ltr'>(ἡμῶν)</span> <span class='ocrx_word' id='word_1_171' title='bbox 614 3535 667 3611; x_wconf 77' lang='grc' dir='ltr'>τὸν</span> <span class='ocrx_word' id='word_1_172' title='bbox 701 3537 735 3628; x_wconf 84' lang='grc' dir='ltr'>ἐξ</span> <span class='ocrx_word' id='word_1_173' title='bbox 772 3534 881 3640; x_wconf 71' lang='grc' dir='ltr'>ἀρχῆς</span> <span class='ocrx_word' id='word_1_174' title='bbox 918 3533 1064 3641; x_wconf 69' lang='grc' dir='ltr'>λόγον.’)</span> <span class='ocrx_word' id='word_1_175' title='bbox 1105 3537 1178 3609; x_wconf 93' lang='lat' dir='ltr'>Hic</span> <span class='ocrx_word' id='word_1_176' title='bbox 1214 3553 1341 3610; x_wconf 90' lang='lat' dir='ltr'>autem</span> <span class='ocrx_word' id='word_1_177' title='bbox 1370 3551 1492 3609; x_wconf 93' lang='lat' dir='ltr'>utrum</span> <span class='ocrx_word' id='word_1_178' title='bbox 1522 3532 1590 3606; x_wconf 91' lang='lat' dir='ltr'>Or·</span> 
     </span>
     <span class='ocr_line' id='line_1_25' title="bbox 457 3655 1587 3756; baseline -0.002 -25"><span class='ocrx_word' id='word_1_179' title='bbox 457 3657 577 3756; x_wconf 92' lang='lat' dir='ltr'>pheus</span> <span class='ocrx_word' id='word_1_180' title='bbox 613 3681 661 3728; x_wconf 93' lang='lat' dir='ltr'>an</span> <span class='ocrx_word' id='word_1_181' title='bbox 698 3655 791 3729; x_wconf 90' lang='lat' dir='ltr'>alius</span> <span class='ocrx_word' id='word_1_182' title='bbox 827 3682 957 3730; x_wconf 90' lang='lat' dir='ltr'>versus</span> <span class='ocrx_word' id='word_1_183' title='bbox 993 3659 1063 3731; x_wconf 94' lang='lat' dir='ltr'>hos</span> <span class='ocrx_word' id='word_1_184' title='bbox 1100 3658 1294 3756; x_wconf 90' lang='lat' dir='ltr'>scripserit,</span> <span class='ocrx_word' id='word_1_185' title='bbox 1325 3681 1463 3730; x_wconf 90' lang='lat' dir='ltr'>numne</span> <span class='ocrx_word' id='word_1_186' title='bbox 1491 3656 1587 3753; x_wconf 91' lang='lat' dir='ltr'>quic·</span> 
     </span>
     <span class='ocr_line' id='line_1_26' title="bbox 457 3777 1588 3876; baseline -0.002 -24"><span class='ocrx_word' id='word_1_187' title='bbox 457 3803 570 3876; x_wconf 89' lang='lat' dir='ltr'>quam</span> <span class='ocrx_word' id='word_1_188' title='bbox 585 3777 719 3852; x_wconf 83' lang='lat' dir='ltr'>refert?</span> <span class='ocrx_word' id='word_1_189' title='bbox 733 3777 883 3851; x_wconf 91' lang='lat' dir='ltr'>Etenim</span> <span class='ocrx_word' id='word_1_190' title='bbox 898 3779 1104 3872; x_wconf 74' lang='lat' dir='ltr'>Socnnnas,</span> <span class='ocrx_word' id='word_1_191' title='bbox 1122 3780 1237 3853; x_wconf 90' lang='lat' dir='ltr'>Croni</span> <span class='ocrx_word' id='word_1_192' title='bbox 1251 3795 1289 3853; x_wconf 91' lang='lat' dir='ltr'>et</span> <span class='ocrx_word' id='word_1_193' title='bbox 1305 3779 1436 3852; x_wconf 92' lang='lat' dir='ltr'>Rheae</span> <span class='ocrx_word' id='word_1_194' title='bbox 1451 3803 1588 3852; x_wconf 91' lang='lat' dir='ltr'>nomen</span> 
     </span>
    </p>
   </div>
   <div class='ocr_carea' id='block_1_3' title="bbox 455 4007 1592 4764">
    <p class='ocr_par' dir='ltr' id='par_1_3' title="bbox 455 4007 1592 4680">
     <span class='ocr_line' id='line_1_27' title="bbox 504 4007 1592 4075; baseline 0 -17"><span class='ocrx_word' id='word_1_195' title='bbox 504 4008 530 4075; x_wconf 81' lang='grc' dir='ltr'>ι)</span> <span class='ocrx_word' id='word_1_196' title='bbox 547 4009 634 4058; x_wconf 89' lang='lat' dir='ltr'>Huius</span> <span class='ocrx_word' id='word_1_197' title='bbox 650 4007 776 4056; x_wconf 83' lang='lat' dir='ltr'>sermonis</span> <span class='ocrx_word' id='word_1_198' title='bbox 792 4007 845 4056; x_wconf 89' lang='lat' dir='ltr'>vim</span> <span class='ocrx_word' id='word_1_199' title='bbox 862 4008 1014 4075; x_wconf 80' lang='lat' dir='ltr'>neglegunt,</span> <span class='ocrx_word' id='word_1_200' title='bbox 1030 4009 1149 4074; x_wconf 88' lang='lat' dir='ltr'>quicum</span> <span class='ocrx_word' id='word_1_201' title='bbox 1165 4010 1340 4059; x_wconf 74' lang='lat' dir='ltr'>Anls&#39;rorana</span> <span class='ocrx_word' id='word_1_202' title='bbox 1352 4007 1515 4058; x_wconf 81' lang='lat' dir='ltr'>conserentes</span> <span class='ocrx_word' id='word_1_203' title='bbox 1525 4008 1592 4058; x_wconf 74' lang='lat' dir='ltr'>Pta-</span> 
     </span>
     <span class='ocr_line' id='line_1_28' title="bbox 456 4091 1591 4162; baseline -0.002 -16"><span class='ocrx_word' id='word_1_204' title='bbox 456 4107 561 4162; x_wconf 74' lang='lat' dir='ltr'>Torttnt,</span> <span class='ocrx_word' id='word_1_205' title='bbox 587 4095 671 4144; x_wconf 89' lang='lat' dir='ltr'>minus</span> <span class='ocrx_word' id='word_1_206' title='bbox 697 4091 803 4152; x_wconf 77' lang='grc' dir='ltr'>κρίτικον</span> <span class='ocrx_word' id='word_1_207' title='bbox 825 4093 895 4143; x_wconf 87' lang='lat' dir='ltr'>bunc</span> <span class='ocrx_word' id='word_1_208' title='bbox 914 4110 970 4145; x_wconf 88' lang='lat' dir='ltr'>esse</span> <span class='ocrx_word' id='word_1_209' title='bbox 989 4103 1111 4146; x_wconf 88' lang='lat' dir='ltr'>censent:</span> <span class='ocrx_word' id='word_1_210' title='bbox 1131 4096 1177 4161; x_wconf 88' lang='lat' dir='ltr'>qui</span> <span class='ocrx_word' id='word_1_211' title='bbox 1197 4103 1324 4161; x_wconf 82' lang='lat' dir='ltr'>quantum</span> <span class='ocrx_word' id='word_1_212' title='bbox 1343 4093 1414 4159; x_wconf 73' lang='lat' dir='ltr'>apud</span> <span class='ocrx_word' id='word_1_213' title='bbox 1431 4109 1490 4144; x_wconf 89' lang='lat' dir='ltr'>eum</span> <span class='ocrx_word' id='word_1_214' title='bbox 1505 4094 1591 4144; x_wconf 76' lang='lat' dir='ltr'>velent</span> 
     </span>
     <span class='ocr_line' id='line_1_29' title="bbox 456 4180 1591 4248; baseline -0.002 -16"><span class='ocrx_word' id='word_1_215' title='bbox 456 4181 538 4232; x_wconf 80' lang='lat' dir='ltr'>sonna</span> <span class='ocrx_word' id='word_1_216' title='bbox 561 4181 691 4246; x_wconf 79' lang='lat' dir='ltr'>dialogice</span> <span class='ocrx_word' id='word_1_217' title='bbox 715 4180 826 4245; x_wconf 83' lang='lat' dir='ltr'>noverit,</span> <span class='ocrx_word' id='word_1_218' title='bbox 851 4181 894 4230; x_wconf 86' lang='lat' dir='ltr'>vix</span> <span class='ocrx_word' id='word_1_219' title='bbox 919 4181 1046 4232; x_wconf 87' lang='lat' dir='ltr'>eiusmodi</span> <span class='ocrx_word' id='word_1_220' title='bbox 1071 4182 1136 4248; x_wconf 88' lang='lat' dir='ltr'>quid</span> <span class='ocrx_word' id='word_1_221' title='bbox 1160 4182 1268 4232; x_wconf 84' lang='lat' dir='ltr'>sentiet:</span> <span class='ocrx_word' id='word_1_222' title='bbox 1293 4181 1375 4230; x_wconf 84' lang='lat' dir='ltr'>formu</span> <span class='ocrx_word' id='word_1_223' title='bbox 1393 4181 1457 4230; x_wconf 78' lang='lat' dir='ltr'>haee</span> <span class='ocrx_word' id='word_1_224' title='bbox 1476 4197 1529 4230; x_wconf 90' lang='lat' dir='ltr'>non</span> <span class='ocrx_word' id='word_1_225' title='bbox 1549 4196 1591 4230; x_wconf 85' lang='lat' dir='ltr'>ex·</span> 
     </span>
     <span class='ocr_line' id='line_1_30' title="bbox 457 4266 1590 4334; baseline -0.002 -16"><span class='ocrx_word' id='word_1_226' title='bbox 457 4269 583 4318; x_wconf 84' lang='lat' dir='ltr'>trinsecus</span> <span class='ocrx_word' id='word_1_227' title='bbox 608 4275 647 4318; x_wconf 86' lang='lat' dir='ltr'>est</span> <span class='ocrx_word' id='word_1_228' title='bbox 672 4266 803 4332; x_wconf 79' lang='lat' dir='ltr'>imposita,</span> <span class='ocrx_word' id='word_1_229' title='bbox 827 4267 864 4315; x_wconf 80' lang='lat' dir='ltr'>ita</span> <span class='ocrx_word' id='word_1_230' title='bbox 886 4273 914 4316; x_wconf 86' lang='lat' dir='ltr'>ut</span> <span class='ocrx_word' id='word_1_231' title='bbox 939 4269 1050 4334; x_wconf 78' lang='lat' dir='ltr'>singula,</span> <span class='ocrx_word' id='word_1_232' title='bbox 1075 4269 1097 4318; x_wconf 88' lang='lat' dir='ltr'>si</span> <span class='ocrx_word' id='word_1_233' title='bbox 1122 4269 1233 4332; x_wconf 85' lang='lat' dir='ltr'>deesset,</span> <span class='ocrx_word' id='word_1_234' title='bbox 1257 4267 1347 4316; x_wconf 86' lang='lat' dir='ltr'>eadem</span> <span class='ocrx_word' id='word_1_235' title='bbox 1372 4267 1425 4316; x_wconf 83' lang='lat' dir='ltr'>fere</span> <span class='ocrx_word' id='word_1_236' title='bbox 1443 4275 1590 4316; x_wconf 80' lang='lat' dir='ltr'>manerent:</span> 
     </span>
     <span class='ocr_line' id='line_1_31' title="bbox 456 4352 1591 4419; baseline 0 -17"><span class='ocrx_word' id='word_1_237' title='bbox 456 4355 535 4403; x_wconf 88' lang='lat' dir='ltr'>immo</span> <span class='ocrx_word' id='word_1_238' title='bbox 559 4355 596 4404; x_wconf 84' lang='lat' dir='ltr'>ita</span> <span class='ocrx_word' id='word_1_239' title='bbox 620 4353 736 4402; x_wconf 82' lang='lat' dir='ltr'>inhaeret</span> <span class='ocrx_word' id='word_1_240' title='bbox 761 4352 885 4416; x_wconf 90' lang='lat' dir='ltr'>operibus</span> <span class='ocrx_word' id='word_1_241' title='bbox 909 4354 975 4419; x_wconf 71' lang='lat' dir='ltr'>ciue,</span> <span class='ocrx_word' id='word_1_242' title='bbox 999 4365 1028 4403; x_wconf 89' lang='lat' dir='ltr'>ut</span> <span class='ocrx_word' id='word_1_243' title='bbox 1048 4355 1081 4404; x_wconf 79' lang='lat' dir='ltr'>ad</span> <span class='ocrx_word' id='word_1_244' title='bbox 1100 4369 1309 4419; x_wconf 84' lang='lat' dir='ltr'>unamquamque</span> <span class='ocrx_word' id='word_1_245' title='bbox 1329 4368 1412 4418; x_wconf 81' lang='lat' dir='ltr'>paene</span> <span class='ocrx_word' id='word_1_246' title='bbox 1432 4353 1515 4402; x_wconf 83' lang='lat' dir='ltr'>dicam</span> <span class='ocrx_word' id='word_1_247' title='bbox 1534 4369 1591 4402; x_wconf 89' lang='lat' dir='ltr'>sen·</span> 
     </span>
     <span class='ocr_line' id='line_1_32' title="bbox 457 4439 1591 4508; baseline 0 -18"><span class='ocrx_word' id='word_1_248' title='bbox 457 4441 564 4490; x_wconf 79' lang='lat' dir='ltr'>tentiam</span> <span class='ocrx_word' id='word_1_249' title='bbox 589 4440 731 4504; x_wconf 78' lang='lat' dir='ltr'>pertineat:</span> <span class='ocrx_word' id='word_1_250' title='bbox 750 4454 804 4489; x_wconf 90' lang='lat' dir='ltr'>non</span> <span class='ocrx_word' id='word_1_251' title='bbox 824 4440 926 4505; x_wconf 85' lang='lat' dir='ltr'>scripsit</span> <span class='ocrx_word' id='word_1_252' title='bbox 943 4442 1035 4491; x_wconf 71' lang='grc' dir='ltr'>Ριλτο</span> <span class='ocrx_word' id='word_1_253' title='bbox 1049 4458 1129 4508; x_wconf 81' lang='lat' dir='ltr'>opera</span> <span class='ocrx_word' id='word_1_254' title='bbox 1144 4441 1302 4508; x_wconf 86' lang='lat' dir='ltr'>philosopha</span> <span class='ocrx_word' id='word_1_255' title='bbox 1318 4441 1414 4506; x_wconf 85' lang='lat' dir='ltr'>quibus</span> <span class='ocrx_word' id='word_1_256' title='bbox 1429 4439 1591 4505; x_wconf 82' lang='lat' dir='ltr'>dialogorum</span> 
     </span>
     <span class='ocr_line' id='line_1_33' title="bbox 455 4525 1591 4592; baseline -0.001 -16"><span class='ocrx_word' id='word_1_257' title='bbox 455 4527 564 4576; x_wconf 84' lang='lat' dir='ltr'>formam</span> <span class='ocrx_word' id='word_1_258' title='bbox 591 4526 725 4591; x_wconf 79' lang='lat' dir='ltr'>imposuit,</span> <span class='ocrx_word' id='word_1_259' title='bbox 743 4525 780 4574; x_wconf 79' lang='lat' dir='ltr'>ita</span> <span class='ocrx_word' id='word_1_260' title='bbox 797 4533 826 4574; x_wconf 87' lang='lat' dir='ltr'>nt</span> <span class='ocrx_word' id='word_1_261' title='bbox 844 4541 927 4590; x_wconf 86' lang='lat' dir='ltr'>aeque</span> <span class='ocrx_word' id='word_1_262' title='bbox 945 4529 1012 4578; x_wconf 91' lang='lat' dir='ltr'>bene</span> <span class='ocrx_word' id='word_1_263' title='bbox 1031 4529 1099 4578; x_wconf 88' lang='lat' dir='ltr'>mitti</span> <span class='ocrx_word' id='word_1_264' title='bbox 1118 4529 1181 4578; x_wconf 80' lang='lat' dir='ltr'>haec</span> <span class='ocrx_word' id='word_1_265' title='bbox 1201 4535 1304 4592; x_wconf 67' lang='lat' dir='ltr'>posset,</span> <span class='ocrx_word' id='word_1_266' title='bbox 1322 4526 1368 4576; x_wconf 85' lang='lat' dir='ltr'>sed</span> <span class='ocrx_word' id='word_1_267' title='bbox 1384 4541 1472 4575; x_wconf 76' lang='lat' dir='ltr'>revere</span> <span class='ocrx_word' id='word_1_268' title='bbox 1487 4526 1591 4590; x_wconf 87' lang='lat' dir='ltr'>scripsit</span> 
     </span>
     <span class='ocr_line' id='line_1_34' title="bbox 458 4611 1545 4680; baseline -0.002 -18"><span class='ocrx_word' id='word_1_269' title='bbox 458 4613 580 4679; x_wconf 79' lang='lat' dir='ltr'>dialogos,</span> <span class='ocrx_word' id='word_1_270' title='bbox 597 4614 665 4663; x_wconf 84' lang='lat' dir='ltr'>vitae</span> <span class='ocrx_word' id='word_1_271' title='bbox 684 4611 831 4662; x_wconf 79' lang='lat' dir='ltr'>cotidianae</span> <span class='ocrx_word' id='word_1_272' title='bbox 850 4627 994 4664; x_wconf 86' lang='lat' dir='ltr'>sermonem</span> <span class='ocrx_word' id='word_1_273' title='bbox 1013 4615 1156 4666; x_wconf 73' lang='lat' dir='ltr'>imitantes:</span> <span class='ocrx_word' id='word_1_274' title='bbox 1178 4614 1250 4680; x_wconf 85' lang='lat' dir='ltr'>quod</span> <span class='ocrx_word' id='word_1_275' title='bbox 1269 4613 1357 4678; x_wconf 85' lang='lat' dir='ltr'>ipsum</span> <span class='ocrx_word' id='word_1_276' title='bbox 1375 4619 1414 4662; x_wconf 86' lang='lat' dir='ltr'>est</span> <span class='ocrx_word' id='word_1_277' title='bbox 1432 4611 1545 4662; x_wconf 81' lang='lat' dir='ltr'>artificis.</span> 
     </span>
    </p>

    <p class='ocr_par' dir='ltr' id='par_1_4' title="bbox 503 4699 847 4764">
     <span class='ocr_line' id='line_1_35' title="bbox 503 4699 847 4764; baseline -0.006 -15"><span class='ocrx_word' id='word_1_278' title='bbox 503 4701 530 4764; x_wconf 90' lang='lat'>2)</span> <span class='ocrx_word' id='word_1_279' title='bbox 549 4699 590 4749; x_wconf 87' lang='lat' dir='ltr'>Cs.</span> <span class='ocrx_word' id='word_1_280' title='bbox 610 4715 689 4764; x_wconf 78' lang='lat' dir='ltr'>supra</span> <span class='ocrx_word' id='word_1_281' title='bbox 707 4714 768 4763; x_wconf 71' lang='lat' dir='ltr'>pag.</span> <span class='ocrx_word' id='word_1_282' title='bbox 790 4711 847 4761; x_wconf 80' lang='lat'>104.</span> 
     </span>
    </p>
   </div>
   <div class='ocr_carea' id='block_1_4' title="bbox 0 0 1854 5573">
    <p class='ocr_par' dir='ltr' id='par_1_5' title="bbox 0 0 1854 5573">
     <span class='ocr_line' id='line_1_36' title="bbox 0 0 1854 5573; baseline 0 0"><span class='ocrx_word' id='word_1_283' title='bbox 0 0 1854 5573; x_wconf 95' lang='lat' dir='ltr'> </span> 
     </span>
    </p>
   </div>
  </div>
 </body>
</html>
