3724 5576
986 653 1034 739 36

443 841 820 940 prae-Socraticorum
856 842 977 916 sontes
1019 844 1146 916 Panno
1182 859 1220 918 et
1258 841 1530 917 Arusnornuus,
1542 840 1570 939 ¹)

497 962 553 1037 At
575 965 604 1037 si
628 965 670 1037 iis
693 965 887 1055 credimus,
913 965 974 1062 qui
995 964 1077 1038 huic
1092 990 1243 1063 quoque
1258 963 1371 1038 fidem
1386 965 1571 1062 derogant

442 1087 594 1185 eiusque
618 1087 788 1161 iudicium
809 1112 884 1160 non
899 1102 1039 1161 rectum
1055 1113 1138 1162 esse
1152 1085 1326 1186 dicunt‚')
1341 1113 1457 1187 saepe
1472 1087 1573 1161 solus

443 1209 569 1283 Pnnro
606 1211 755 1308 proprie
792 1226 972 1308 superest,
1002 1236 1049 1284 ex
1077 1211 1178 1284 cuius
1206 1212 1380 1308 operibus
1408 1211 1570 1308 priorum

441 1330 630 1406 doctrinae
658 1348 952 1430 cognoscantur3
978 1333 1080 1431 quod
1103 1334 1249 1407 etiamsi
1263 1333 1414 1408 nimium
1429 1333 1568 1407 dictum

440 1479 523 1528 esse
551 1455 732 1546 videatur,
762 1454 832 1528 hoc
860 1470 986 1529 tamen
1010 1470 1096 1548 stat,
1123 1457 1311 1530 Punaorus
1334 1480 1450 1554 opera
1465 1479 1568 1552 prae·

440 1575 652 1652 Socraticae
688 1576 948 1675 philosophiae
985 1603 1068 1653 esse
1096 1579 1391 1678 antiquissimum
1420 1594 1458 1653 et
1486 1602 1568 1676 gra-

439 1697 628 1772 vissimum
664 1699 816 1772 sontem.
856 1699 911 1772 At
947 1724 1057 1797 supra
1090 1701 1260 1792 vidimus,
1297 1701 1345 1774 ad
1374 1697 1569 1774 Platonem

439 1819 731 1919 intellegendum
772 1820 879 1894 huius
921 1819 1179 1919 philosophiae
1220 1821 1433 1921 cognitione
1476 1847 1570 1919 opus

438 1950 540 2016 esse!
563 1942 810 2041 Cognoscitur
824 1957 950 2016 autem
967 1968 1013 2016 ex
1028 1941 1183 2017 Platone
1198 1943 1379 2017 maxime!
1402 1941 1567 2016 Platonis

439 2090 554 2162 opera
576 2065 796 2163 praecipuus
819 2065 982 2162 priorum
1006 2066 1193 2140 doctrinas
1216 2066 1467 2164 cognoscendi
1486 2066 1569 2139 sons

438 2203 534 2260 sunt.
565 2185 621 2261 At
649 2186 907 2285 inquirendum
935 2202 1003 2279 est,
1033 2196 1166 2261 utrum
1195 2188 1276 2261 sons
1304 2189 1471 2286 putanda
1495 2188 1567 2262 sint

443 2317 577 2384 necne!
609 2309 725 2409 Igitur
754 2311 881 2383 Pnnno
909 2310 958 2383 ad
987 2311 1175 2384 Pnnn0N1s
1204 2336 1373 2384 normam
1401 2326 1459 2384 est
1486 2309 1566 2384 diri·

437 2432 602 2528 gendus!
644 2431 715 2522 Sic,
753 2447 794 2505 ut
831 2431 873 2506 fit
909 2433 945 2505 in
982 2430 1200 2531 philologia,
1239 2432 1273 2505 in
1312 2432 1566 2530 disquisitione

436 2553 574 2626 eodem
602 2553 840 2627 revolvimur.

491 2673 660 2766 Accedit,
691 2674 793 2773 quod
821 2698 897 2772 quo
925 2675 1069 2749 minora
1092 2692 1131 2750 et
1154 2675 1330 2774 pauciora
1354 2675 1565 2775 fragmenta

436 2811 601 2870 aetatem
642 2795 803 2870 tulerunt
841 2820 992 2895 quoque
1029 2799 1150 2895 magis
1186 2799 1279 2872 haec
1316 2823 1445 2897 sparsa
1482 2814 1567 2873 sunt

435 2932 549 3015 atque
564 2918 716 2992 disiecta
730 2934 769 2992 et
783 2935 887 2992 extra
899 2919 1076 2992 orationis
1086 2921 1192 3017 quasi
1202 2936 1418 2995 contextum
1429 2922 1562 3019 posita,

435 3066 481 3114 eo
519 3041 640 3139 magis
677 3041 724 3115 de
752 3039 896 3114 illorum
925 3041 1230 3138 interpretatione
1258 3043 1469 3140 discrepant
1497 3043 1564 3117 viri

434 3162 533 3236 docti
557 3188 679 3261 eoque
701 3160 806 3260 plura
831 3187 874 3236 ac
899 3163 1019 3262 magis
1033 3164 1181 3238 diversa
1196 3165 1244 3238 de
1259 3165 1301 3238 iis
1315 3182 1400 3240 sunt
1414 3166 1561 3264 scripta,

434 3285 471 3358 id
499 3286 601 3384 quod
629 3287 947 3383 perturbationem
976 3303 1102 3387 auget.

493 3432 548 3480 12.
579 3407 655 3482 Sed
692 3407 740 3482 de
777 3409 877 3482 hisce
914 3409 1024 3483 rebus
1052 3409 1157 3508 plura
1186 3411 1308 3486 dicere
1337 3437 1412 3485 non
1440 3428 1498 3486 est
1524 3412 1560 3485 in

433 3530 557 3604 animo
571 3565 579 3623 3
603 3531 785 3605 indicasse
807 3531 948 3606 sufficit.
976 3530 1065 3606 Alia
1083 3548 1141 3608 est
1155 3557 1214 3606 res
1230 3534 1316 3606 mihi
1332 3534 1563 3609 animadver-

432 3653 559 3727 tenda.
598 3652 806 3728 Difficultas
843 3653 989 3746 scilicet,
1028 3681 1141 3753 quam
1179 3657 1227 3731 de
1260 3656 1416 3732 Platone
1444 3682 1563 3757 agens

432 3929 478 3979 wir
496 3927 656 3978 nameutlich
674 3927 721 3978 auf
736 3927 778 3978 die
798 3928 926 3992 Angaben
945 3928 991 3978 der
1009 3927 1172 3979 Scholiasten
1191 3932 1363 3996 angewiesen.
1390 3935 1470 3984 Diese
1488 3934 1562 3984 Mdn·

432 4031 478 4066 ner
501 4017 571 4083 aber,
595 4015 703 4064 Prolrlos
727 4031 757 4064 zu
776 4015 882 4064 Platone
902 4015 1024 4080 Krutylos
1043 4016 1097 4066 und
1117 4018 1268 4068 Ammonius
1286 4037 1316 4070 zu
1335 4020 1489 4073 Aristoteles
1508 4023 1563 4086 mi

430 4101 564 4166 ἑρμηνείας,
582 4101 641 4152 sind
658 4117 704 4152 aus
721 4107 842 4154 tusseren
862 4101 916 4151 und
934 4103 1043 4152 iuneren
1060 4103 1184 4153 Grtlnden
1200 4105 1283 4170 vollig
1298 4107 1406 4173 unuhig
1422 4109 1465 4158 ein
1480 4110 1561 4159 wahr-

430 4189 515 4238 haftes
538 4188 705 4238 historisches
730 4188 855 4253 Zeugniss
879 4189 942 4238 tiber
966 4187 1009 4238 die
1033 4188 1095 4256 alte,
1118 4191 1273 4240 vorattische
1299 4193 1468 4260 philosophie
1487 4197 1564 4245 abzu·

431 4275 517 4340 legen.
542 4275 584 4325 Sie
609 4275 696 4325 haben
720 4274 872 4324 schwerlich
896 4275 939 4324 die
962 4275 1032 4324 alten
1058 4275 1243 4326 Schriltstilclre
1272 4279 1344 4329 eines
1369 4281 1489 4331 Heraklit
1508 4282 1562 4332 und

431 4362 568 4412 Demolrrit
586 4361 656 4412 noch
673 4377 720 4410 vor
739 4362 833 4425 Augen
841 4343 961 4428 'gehabt3
980 4362 1018 4411 sie
1036 4362 1122 4411 haben
1140 4379 1185 4412 aus
1204 4365 1362 4416 secundiren
1385 4367 1498 4430 Quellen
1516 4384 1559 4435 ge·

431 4448 543 4513 schopft.
568 4447 611 4499 Sie
635 4448 725 4498 hatten
750 4448 813 4497 aber
837 4447 906 4496 noch
930 4447 1044 4513 weniger
1067 4448 1110 4499 die
1134 4448 1258 4516 gehdrige
1277 4451 1415 4518 Fahigkeit
1433 4453 1479 4504 des
1498 4454 1560 4504 Ver·

431 4535 591 4585 stfiudnisses
603 4571 610 4583 .
621 4571 628 4584 .
639 4533 663 4584 .”

478 4621 503 4684 1)
522 4621 677 4670 Xauot’uou
696 4619 768 4684 quod
786 4617 819 4667 od
837 4617 885 4668 hos
902 4634 956 4669 non
974 4620 1056 4670 molta
1073 4621 1155 4671 affert.

475 4708 503 4776 2)
519 4707 559 4758 Cl.
579 4723 638 4772 pag.
661 4719 701 4773 17,
719 4705 779 4756 adn.
800 4717 825 4768 3.
