3724 5576
991 588 1014 653 6

442 807 596 854 »warum
623 781 715 854 nicht
737 778 887 855 wolltest
908 780 955 853 du
977 779 1028 852 ihr
1049 777 1136 869 Bild,
1158 777 1406 879 abgespiegelt
1428 778 1566 879 ingbtt·

441 903 567 976 ›licher
580 903 729 977 Manner
742 902 854 993 Geist,
870 903 932 976 mit
945 903 1033 976 Lust
1046 902 1116 976 und
1132 901 1272 975 Genuss
1282 901 1483 974 beschauen
1493 899 1530 973 ?''
1542 897 1566 997 ¹)

485 1022 620 1122 Haec')
656 1027 685 1099 si
720 1024 797 1099 sola
832 1025 1097 1122 responderem,
1135 1023 1341 1097 sufficerent.
1380 1023 1432 1097 At
1467 1022 1567 1120 plura

432 1149 563 1223 habeo,
585 1149 727 1246 Nempe
741 1174 821 1222 cum
836 1173 881 1222 ea
895 1149 1020 1222 mentis
1033 1148 1210 1220 humanae
1223 1146 1275 1219 vis
1288 1162 1395 1244 atque
1409 1143 1565 1234 facultas,

430 1272 653 1368 phantasiam
681 1297 788 1369 quam
815 1271 942 1361 dicunt,
971 1295 1043 1368 qua
1068 1268 1216 1369 singula,
1245 1293 1338 1366 quae
1365 1268 1566 1342 tradiderint

432 1410 584 1483 veteres,
608 1393 841 1491 disquisitione
865 1394 1029 1490 probata,
1054 1393 1102 1466 ita
1115 1390 1258 1488 copulet
1270 1407 1378 1489 atque
1392 1404 1565 1478 conectat,

431 1515 549 1613 itaque
575 1517 663 1589 inter
688 1541 769 1589 sese
795 1515 999 1615 coniungat,
1024 1529 1062 1587 ut
1083 1539 1128 1588 ex
1150 1511 1290 1613 singulis
1313 1511 1374 1587 illis
1394 1509 1567 1609 particulis

431 1637 544 1712 solida
565 1638 743 1736 quaedam
766 1654 802 1712 et
824 1663 993 1734 expressa
1007 1637 1274 1735 praeteritorum
1289 1635 1425 1736 effigies
1438 1635 1566 1710 orianu

432 1777 539 1858 atque
566 1761 699 1860 imago,
728 1759 795 1834 alia
822 1759 907 1851 aliis,
935 1805 987 1814 -
1014 1786 1094 1833 cum
1117 1760 1219 1849 haec,
1242 1759 1395 1856 inquam,
1421 1757 1566 1832 sacultas

430 1883 508 1980 ipsa
541 1908 607 1981 per
642 1908 682 1956 se
718 1884 842 1957 mirum
878 1898 1047 1980 quantum
1073 1881 1193 1956 valeat
1219 1881 1267 1955 ad
1293 1906 1417 1954 veram
1445 1881 1566 1979 prioris

430 2005 511 2079 aevi
547 2005 737 2095 hominum,
774 2031 903 2094 renim,
940 2006 1104 2080 scientiae
1140 2004 1369 2078 adimendam
1401 2004 1566 2104 cognitio·

431 2152 526 2218 nem,
555 2171 606 2182 —
633 2153 713 2201 cum
740 2153 848 2225 porro
876 2127 1003 2200 summi
1030 2127 1188 2200 homines
1215 2142 1252 2199 et
1278 2127 1432 2200 maidma
1459 2151 1565 2223 quae·

431 2275 501 2348 que
532 2250 682 2351 ingenia,
715 2276 854 2324 summa
884 2249 1070 2347 phantasia
1102 2247 1387 2347 amplissimaque
1407 2249 1565 2346 praediti,

431 2371 588 2446 facillime
610 2388 647 2446 et
669 2374 926 2447 accuratissime
948 2373 1162 2472 cogitatione
1180 2398 1238 2446 res
1250 2373 1444 2471 depingant
1457 2388 1565 2470 atque

428 2510 704 2592 repraesentent,
742 2495 905 2592 sequitur,
939 2511 977 2568 ut
1003 2520 1096 2592 quae
1123 2475 1175 2568 de
1195 2494 1390 2592 praeteritis
1416 2494 1565 2568 iudicent

427 2615 483 2706 illi,
512 2618 619 2690 etiam
644 2617 673 2688 si
696 2642 719 2690 a
740 2617 888 2691 veritate
911 2617 1083 2691 interdum
1105 2618 1330 2706 abhorreant,
1345 2633 1382 2690 et
1395 2642 1481 2691 vera
1494 2618 1564 2690 iam

428 2740 496 2812 sint
540 2755 695 2835 reperta,
739 2740 929 2813 maximum
969 2756 1091 2813 tamen
1130 2740 1178 2814 ad
1218 2739 1438 2814 efficiendam
1478 2756 1563 2813 tem·

428 2861 523 2958 pon’s
549 2861 616 2933 acti
639 2861 833 2957 perfectam
858 2878 964 2959 atque
989 2861 1189 2936 absolutam
1203 2863 1393 2962 imaginem
1407 2887 1564 2936 momen·

429 2999 503 3057 tum
539 2983 707 3073 habeant,
744 2983 896 3080 ideoque
932 2983 1066 3082 plun'mi
1103 2985 1169 3058 sint
1196 2986 1356 3058 iacienda
1383 3001 1419 3058 et
1446 2986 1565 3059 dedita

429 3130 541 3202 opera
568 3105 784 3203 quaerenda,
813 3105 944 3203 quippe
967 3107 1025 3203 qui
1047 3106 1190 3180 videant
1212 3131 1306 3204 quae
1327 3132 1398 3180 non
1420 3107 1567 3180 viderint

431 3225 497 3317 alii,
534 3227 592 3324 qui
619 3227 745 3327 ingenii
772 3227 823 3300 sui
852 3225 979 3301 lumine
1007 3230 1158 3303 obscura
1183 3227 1360 3319 illustrent,
1389 3229 1447 3326 qui
1473 3255 1565 3326 quae

430 3348 486 3424 alii
511 3349 669 3439 viderint,
697 3350 764 3423 sub
792 3375 887 3424 novo
914 3366 952 3424 et
979 3349 1142 3451 singulari
1167 3367 1302 3449 ponant
1328 3352 1510 3450 adspectu.

477 3611 502 3678 t)
518 3612 551 3660 A.
568 3611 675 3677 Bbcxti,
692 3611 796 3675 ,Ueber
810 3611 853 3660 die
870 3610 985 3676 Bildung
999 3611 1046 3661 der
1062 3611 1202 3661 Weltseele
1219 3611 1254 3661 im
1262 3611 1383 3662 Timaeus
1392 3613 1439 3662 des
1449 3611 1567 3663 Platon.”

429 3697 538 3764 (Kleine
566 3696 696 3748 Schriften
726 3708 751 3763 3,
783 3695 932 3766 109—180)
960 3698 988 3747 in
1017 3697 1067 3748 fine
1092 3698 1163 3764 apud
1187 3699 1254 3748 Max
1278 3700 1446 3764 Horrunuu,
1465 3701 1567 3766 August

428 3784 528 3849 Bbckh,
556 3784 853 3850 Lebeusbeschreibuug
876 3783 930 3833 und
957 3785 1082 3834 Auswahl
1107 3801 1152 3834 aus
1176 3785 1275 3835 seinem
1301 3787 1566 3837 wissenschaftlicheu

429 3871 620 3921 Briet'wecbsel.
639 3872 756 3936 Leipzig.
776 3871 898 3921 Teubner
920 3883 997 3938 1901,
1016 3888 1076 3938 pag.
1098 3885 1138 3936 19.

473 3957 501 4024 2)
528 3957 626 4007 Eadem
654 3957 707 4006 fere
733 3956 806 4022 dicit,
835 3957 886 4006 alia
913 3965 1001 4006 tamen
1029 3965 1126 4024 mente,
1151 3959 1209 4024 ipse
1234 3959 1309 4009 Plato
1334 3959 1442 4010 Phaedr.
1469 3960 1566 4023 274C:

426 4039 514 4099 Ἀκοιὶν
538 4042 567 4104 γ’
586 4039 641 4104 ’ἔχω
666 4037 750 4104 λέγειν
775 4047 824 4090 τῶν
849 4041 978 4102 προτέρων,
1002 4041 1033 4090 τὸ
1052 4039 1075 4090 δ’
1095 4041 1185 4100 danila
1202 4039 1276 4092 also)
1291 4041 1386 4091 leucri.
1404 4042 1426 4092 tl
1444 4040 1471 4092 li
1490 4045 1567 4092 τοῦτο

424 4123 536 4186 εὕροιμεν
560 4122 643 4181 αὐτοί,
667 4120 713 4185 ἆρά
739 4125 767 4186 γ’
785 4123 815 4172 ἂν
839 4122 875 4172 lt'
903 4121 961 4184 ἡμῖν
987 4121 1060 4185 ptam
1086 4141 1112 4172 τι
1138 4129 1188 4173 τῆν
1210 4123 1360 4187 brunnum
1385 4122 1567 4191 δοξασμάτωη

427 4209 582 4274 Neglegitur
601 4215 687 4258 tamen
706 4207 749 4257 bic
767 4207 906 4258 delectatio
922 4223 1001 4272 quam
1020 4224 1052 4257 ex
1067 4224 1164 4275 eorum,
1181 4224 1248 4274 quae
1264 4209 1326 4259 licet
1339 4210 1424 4259 miuus
1439 4226 1500 4260 vera
1510 4226 1566 4260 esse

428 4303 520 4360 postea
545 4302 680 4360 appareat,
705 4295 843 4358 ingeniosa
868 4302 954 4344 tamen
980 4302 1006 4344 et
1034 4294 1142 4361 pulchra
1166 4296 1236 4346 dicta
1260 4297 1322 4362 sint,
1343 4297 1494 4362 cognitione
1511 4312 1568 4361 per·

427 4382 547 4447 cipimus,
567 4381 608 4430 cf.
628 4381 740 4446 cremo,
759 4381 800 4430 De
821 4381 865 4430 fin.
884 4382 948 4442 bop.
965 4391 990 4430 et
1002 4381 1062 4430 mal.
1074 4383 1107 4448 V,
1117 4382 1130 4449 5
1142 4392 1187 4448 51:
1201 4383 1296 4448 ,Quid
1307 4399 1365 4433 cum
1376 4383 1447 4432 fictas
1457 4382 1567 4450 fabulas,

427 4469 558 4533 equibus
583 4467 682 4518 utilitas
707 4467 780 4517 nulla
806 4467 867 4518 elici
894 4475 989 4534 potest,
1019 4483 1079 4517 cum
1104 4470 1239 4534 voluptate
1264 4468 1408 4536 legimus?”

471 4555 1001 4620 Quinetiamhaeccognoscere,cumvera
1010 4555 1180 4622 iamnoveris,
1188 4572 1241 4606 non
1249 4557 1333 4608 solum
1341 4557 1567 4622 estdulce,verum

427 4643 505 4693 etiam
520 4641 583 4692 utile
597 4642 632 4692 ad
648 4642 762 4694 veritatis
776 4642 928 4708 ampliorem
939 4641 1126 4708 cognitionem,
1142 4643 1169 4694 id
1180 4644 1252 4709 quod
1261 4644 1343 4695 fusius
1353 4661 1431 4711 supra
1441 4644 1565 4695 diximus.
