3698 5574
942 672 1024 747 ‚170

422 866 656 924 consummat
693 852 974 949 quodammodo
1007 867 1045 926 et
1072 849 1214 949 perficit
1240 875 1297 938 ea,
1327 873 1425 947 quae
1453 844 1548 920 dicta

421 987 529 1047 erant
555 997 578 1046 a
601 972 905 1065 Tamsvmcm,
929 974 981 1048 ita
1005 972 1167 1072 quidem,
1193 987 1233 1045 ut
1246 969 1353 1044 huius
1367 965 1549 1042 sententia

423 1094 535 1168 etiam
560 1093 729 1169 subtilius
751 1111 866 1193 atque
880 1095 1072 1170 dilucidius
1087 1094 1284 1168 illustretur
1299 1117 1421 1190 eoque
1436 1091 1549 1166 modo

421 1215 619 1290 iniustitiae
656 1216 795 1315 imago,
825 1218 1010 1293 contraria
1039 1216 1100 1292 illa
1128 1217 1300 1306 iustitiae,
1328 1213 1472 1312 plenius
1501 1213 1549 1285 in·

421 1335 655 1433 formetur;¹)
679 1338 716 1410 id
742 1341 844 1437 quod
867 1339 1015 1430 faciunt,
1041 1365 1116 1414 non
1141 1363 1216 1436 quo
1235 1334 1365 1435 optimi
1379 1335 1549 1408 homines

420 1460 713 1535 Tunasuuacuo
741 1489 787 1536 ex
815 1463 941 1537 animo
969 1463 1217 1537 assentiantur
1239 1504 1292 1517 --
1314 1458 1425 1558 plane
1449 1458 1549 1554 ipsos

421 1582 605 1656 affirmare
629 1585 700 1658 iam
725 1584 895 1676 indicavi,
921 1611 996 1659 non
1019 1611 1066 1660 ex
1089 1583 1201 1659 animi
1224 1583 1280 1657 sui
1303 1581 1486 1657 sententia
1509 1604 1548 1652 se

420 1704 543 1778 dicere
557 1749 621 1796 -,
632 1702 658 1803 ⁹)
673 1707 741 1780 sed
755 1724 796 1781 ut
809 1707 1003 1783 Socratem
1018 1722 1264 1806 permoveant
1277 1722 1317 1780 et
1331 1702 1549 1778 necessitate

421 1827 585 1923 quadam
610 1853 656 1901 eo
680 1829 848 1928 adigant,
872 1848 912 1905 ut
929 1831 1017 1928 quid
1032 1830 1112 1928 ipse
1126 1829 1262 1903 sentiat
1276 1828 1324 1901 de
1339 1824 1474 1900 iustitia
1489 1822 1550 1897 ali·

422 1949 574 2044 quando
611 1950 766 2048 aperiat,
798 1969 912 2050 atque
940 1952 1016 2026 vim
1045 1969 1083 2026 et
1111 1967 1281 2026 naturam
1310 1949 1389 2023 eius
1416 1973 1483 2045 per
1510 1971 1551 2020 se

421 2089 612 2170 spectatae
637 2075 848 2172 patefaciat,
874 2075 993 2148 missis
1017 2074 1182 2149 utilitatis
1205 2089 1381 2148 externae
1404 2070 1550 2144 rationi·

468 2335 495 2402 t)
513 2335 626 2386 Stasea.
644 2337 752 2402 Argum.
767 2337 836 2403 Rep.
850 2338 896 2388 lib.
907 2340 943 2404 11,
953 2353 1012 2404 pag.
1025 2349 1083 2400 117.
1094 2337 1161 2387 Vide
1172 2343 1304 2403 praeterea
1314 2334 1432 2400 Proiegg.
1441 2333 1475 2384 ad
1484 2334 1551 2398 Rep.

420 2438 481 2487 pag.
516 2422 617 2472 CXIX:
653 2423 736 2487 „Nam
764 2424 896 2490 principio
924 2425 1108 2490 Thrasymachi
1136 2425 1292 2474 sententiam
1318 2421 1471 2485 defendunt,
1497 2435 1551 2468 non

420 2509 527 2573 quidem
551 2511 627 2576 serio,
651 2511 698 2560 sed
721 2526 752 2560 eo
775 2511 895 2576 consilio,
913 2517 941 2560 ut
960 2511 1091 2562 Socratem
1109 2512 1142 2562 ad
1161 2510 1329 2577 aperiendam
1346 2515 1460 2558 mentem
1479 2519 1550 2556 suam

420 2593 564 2659 aliquando
593 2605 770 2661 permoveant.
800 2597 878 2660 Quod
906 2598 1003 2648 iaciunt
1030 2598 1109 2664 longe
1133 2598 1302 2647 disertissime
1325 2612 1355 2646 ac
1374 2593 1550 2644 subtilissime.

420 2680 527 2730 Etenim
546 2681 646 2732 Glauco
663 2683 770 2748 quidem
786 2684 971 2748 Thrasymachi
983 2684 1015 2734 de
1025 2685 1168 2734 iniustitiae
1178 2683 1337 2749 praestantia
1345 2683 1500 2732 seutentiam
1509 2682 1552 2730 via

421 2774 446 2817 et
465 2766 565 2817 ratione
584 2769 727 2819 secundum
746 2769 921 2836 sophistarum
940 2771 1084 2821 doctrinam
1103 2771 1223 2836 illustrat,
1242 2771 1279 2820 ita
1297 2778 1325 2819 ut
1343 2777 1369 2819 et
1385 2769 1509 2818 iustitiam
1525 2775 1551 2818 et

420 2853 574 2904 iniustitiam
593 2871 640 2920 per
658 2871 695 2922 se,
713 2856 834 2906 detractis
853 2858 973 2907 omnibus
992 2857 1148 2908 utilitatibus
1167 2856 1289 2923 externis,
1308 2855 1476 2922 spectandam
1494 2870 1550 2904 esse

420 2939 590 3006 intelligatur.
619 2942 668 2992 Cui
697 2958 757 2993 mox
782 2951 913 3008 tamquam
935 2945 1071 3009 suppetias
1095 2943 1145 2993 sert
1169 2943 1333 3008 Adimantus,
1358 2942 1405 3007 qui
1429 2957 1468 3007 ea,
1486 2955 1552 3006 quae

422 3026 521 3077 Glauco
541 3030 673 3079 eratione
692 3031 867 3096 sophistarum
886 3030 1046 3096 defenderat,
1064 3031 1142 3081 etiam
1157 3030 1314 3080 testimoniis
1329 3030 1397 3078 vitae
1408 3027 1552 3078 communis

420 3121 500 3180 atque
526 3123 660 3181 poetarum
679 3117 813 3168 confirmat
833 3127 912 3184 atque
931 3119 1056 3168 iustitiam
1074 3117 1195 3183 praemiis
1214 3117 1319 3182 spoliat,
1337 3115 1490 3165 iniustitiam
1509 3113 1552 3162 iis·

421 3199 481 3249 dem
500 3209 575 3251 ornat
592 3203 786 3254 facundissime.
806 3205 866 3268 Quo
885 3205 1000 3270 denique
1019 3205 1134 3270 efficitur,
1153 3210 1181 3252 ut
1200 3202 1328 3253 iniustitia
1343 3201 1415 3250 omni
1429 3215 1461 3250 ex
1478 3207 1551 3265 parte

418 3285 452 3337 de
476 3287 575 3338 iustitia
598 3290 733 3340 victoriam
755 3299 901 3356 reportasse
926 3290 1069 3341 videatur.”
1094 3304 1163 3356 sqq.;
1189 3289 1284 3338 deinde
1308 3289 1416 3352 Argum.
1438 3287 1496 3338 libr.
1516 3287 1551 3352 11,

421 3390 499 3440 Pssssss·
520 3388 667 3439 1¹3-117·

464 3457 494 3530 ο)
512 3462 589 3524 Quod
613 3463 646 3512 ad
671 3463 844 3514 Gnaucouuu
869 3465 901 3515 ct.
928 3463 1009 3530 3588
1034 3478 1108 3531 sqq.:
1133 3460 1198 3510 τικδ
1222 3459 1272 3522 γὰρ
1291 3457 1396 3521 ἀμείνονι
1411 3456 1458 3519 ἄρα
1474 3457 1487 3506 ί
1505 3459 1551 3506 του·

416 3541 502 3593 ὶδίκου
525 3543 540 3602 ll
563 3545 640 3595 irati
658 3543 752 3596 δικαίου
771 3549 832 3610 βίος,
851 3547 888 3606 ὥς
905 3547 1076 3611 Αίγουοιν.
1095 3546 1166 3597 ini
1190 3546 1321 3610 ίμοιγι,
1339 3543 1357 3596 ἦ
1374 3546 1552 3608 Σώκρατες,

417 3624 453 3676 ol
457 3643 488 3675 τι
506 3625 538 3676 δο
545 3629 594 3677 κοῒ
608 3627 666 3677 olla·
673 3647 691 3678 κ
700 3646 724 3687 ς·
747 3629 829 3692 drop&
838 3630 925 3692 μίντοι
934 3628 1152 3693 διατεθρυλημένος
1160 3630 1195 3679 rie
1205 3625 1267 3686 ἦτα,
1274 3627 1367 3679 ἇκοίοιν
1376 3628 1551 3691 Θρασυμάχου

417 3707 460 3757 καί
476 3709 566 3771 μυρίαν
584 3708 676 3767 ἄλλον,
691 3712 734 3760 τδι
750 3708 777 3760 δδ
792 3709 852 3773 terp
866 3713 912 3770 atie
925 3710 1080 3771 δικαιοσύνης
1094 3713 1178 3775 λόγον,
1192 3710 1224 3770 ὃς
1238 3707 1552 3772 δίμοινονᾶδικίας,οδδινίς

417 3807 456 3839 τοι
473 3789 568 3848 δκιὶκοα
585 3790 617 3850 ὃς
634 3790 771 3854 βούλομαι·
789 3792 912 3858 βούλομαι
930 3791 957 3842 δδ
974 3791 1038 3843 uiri
1055 3792 1108 3843 καθ’
1125 3791 1189 3842 adri
1206 3789 1423 3857 irrectitudinum
1438 3791 1550 3842 ἄκουσαι.

416 3871 534 3932 μάλιστα
552 3872 574 3923 δ’
591 3870 660 3935 οἶμαι
677 3872 707 3924 tta
725 3877 771 3925 σου
787 3873 919 3924 revidetur·
937 3873 975 3924 διδ
993 3875 1144 3933 κατατοίνας
1159 3877 1202 3937 epa
1216 3875 1260 3924 τδν
1274 3872 1358 3923 δίδικον
1371 3875 1424 3936 βίον
1439 3871 1551 3934 inaraba,

417 3952 491 4003 οίιιὸν
515 3953 541 4006 δδ
564 3953 707 4022 ίυδοίξομαί
726 3973 774 4014 τοι,
795 3955 821 4005 δν
845 3959 933 4019 τρίτον
955 3952 989 4006 αδ
1012 3955 1137 4019 βούλομαι
1155 3955 1199 4006 καὶ
1215 3958 1261 4006 τοῦ
1278 3953 1374 4006 deodata
1391 3955 1488 4006 ὶδικίαν
1505 3957 1551 4018 μδν

418 4035 549 4100 ψέγοντος,
566 4035 719 4096 δικαιοοίνιςν
736 4036 764 4087 di
782 4034 947 4097 ἂταινοῦντος.
963 4041 1098 4092 Praeterea
1113 4041 1160 4105 361
1173 4041 1210 4091 E:
1227 4037 1269 4087 καῖ
1282 4035 1311 4096 δι)
1321 4035 1365 4086 eda
1374 4036 1552 4101 ἀγροικοτέρως

417 4122 535 4188 aimei,
557 4125 598 4187 μὴ
620 4123 678 4189 irai
701 4125 768 4177 οίου
794 4124 914 4189 Aipeia,
938 4121 956 4175 ίι
978 4126 1113 4188 Σίικςυτες,
1134 4125 1222 4176 datie
1244 4129 1320 4186 τοδς
1337 4125 1553 4186 inanime

417 4208 474 4269 ηδ
492 4205 701 4267 δικαιοτίνκς
720 4207 856 4260 ἀδικίαν.

464 4293 543 4356 Quod
566 4293 600 4344 ad
625 4296 801 4346 Anfflauwtt
827 4294 913 4359 367A
937 4309 1009 4360 sqq.:
1034 4294 1127 4348 τοῦτο,
1145 4285 1163 4339 ὅ
1179 4291 1314 4353 Σακροτες,
1328 4289 1391 4349 iaec
1409 4288 1437 4340 δδ
1454 4290 1498 4340 κοί
1515 4290 1554 4341 δτι

417 4374 512 4426 τούτου
538 4378 617 4427 emin
643 4378 817 4443 Θρασύμαχός
843 4394 874 4427 το
899 4378 941 4428 καὶ
966 4376 1045 4436 ἄλλος
1068 4376 1117 4427 τοί
1140 4395 1181 4436 τις
1203 4376 1263 4441 διιδρ
1286 4377 1440 4437 δικαιοτίνιις
1463 4396 1493 4429 τε
1514 4379 1557 4429 eei

417 4455 514 4516 ἀδικίας
537 4457 634 4522 Λίγοιον
657 4461 686 4510 δν
704 4460 995 4525 μιταοτρίφοντες
1014 4458 1128 4510 αὐτοῖν
1145 4459 1204 4518 τὴν
1220 4458 1367 4523 δύναμιν,
1383 4465 1556 4524 φορτικδς,

419 4540 457 4598 δίς
479 4541 519 4603 vt
535 4559 588 4603 μοι
606 4540 709 4593 δοκοῖ·
728 4542 789 4593 ἀλλ’
806 4540 866 4606 tyb,
883 4541 952 4593 οίιδδν
970 4542 1020 4607 γάρ
1038 4559 1068 4592 οι
1084 4541 1174 4604 δίομαι
1190 4541 1400 4604 δτοκςίττιτίαι,
1417 4546 1473 4594 τοῦ
1491 4541 1556 4593 ἔτι·

418 4624 520 4686 ίυμῠυ
552 4624 689 4676 ἀκοίταν
721 4624 897 4682 τάναντία,
928 4624 967 4684 ὥς
1001 4622 1142 4686 δίνκμαι
1172 4622 1322 4685 μάλιστα
1353 4625 1555 4685 κατατιίνκς

419 4705 510 4770 Atyn.
