3698 5574
962 655 1036 724 206

432 875 500 925 nec
523 849 655 947 parum
678 849 713 922 in
738 848 817 922 eius
840 845 1099 947 philosophiae
1122 873 1305 921 summam
1320 871 1365 920 ac
1380 847 1563 922 rationem

430 973 650 1071 pertinuisse
664 968 704 1069 ¹),
732 970 822 1045 satis
849 985 949 1044 stare
977 969 1064 1043 mihi
1093 969 1257 1064 videtur;
1282 995 1463 1067 quaeres
1485 986 1563 1045 tam

430 1095 627 1170 manifesta
660 1109 728 1187 est,
764 1109 804 1168 ut
838 1093 933 1167 inter
965 1092 1116 1166 huiusce
1143 1093 1277 1168 aetatis
1304 1093 1403 1168 viros
1431 1094 1563 1168 doctos

430 1218 544 1293 etiam'
579 1218 615 1310 ii,
653 1216 715 1315 qui
745 1217 865 1315 ipsam
894 1215 1108 1290 Platonicae
1135 1214 1395 1314 philosophiae
1422 1217 1497 1290 vim
1525 1232 1564 1291 et

430 1357 602 1416 naturam
624 1366 709 1414 curn
733 1339 982 1437 Orphicorum
1005 1337 1182 1412 doctrinis
1195 1338 1396 1412 cohaerere
1410 1354 1562 1438 negent,

430 1488 515 1538 earn
538 1463 757 1538 concedant.
783 1461 915 1536 Affero
940 1457 1156 1558 Nnr01u³1¹)
1186 1460 1419 1554 „Wirsehen
1436 1461 1563 1535 Pnnro

430 1587 509 1661 hier
546 1583 607 1688 [im
646 1582 773 1688 Meno]
812 1600 933 1659 zuerst
968 1583 1005 1658 in
1041 1585 1144 1659 einer
1178 1609 1276 1682 ganz
1304 1610 1425 1688 neuen
1454 1582 1563 1658 Rolle

429 1709 624 1800 auftreten‚
662 1708 729 1782 der
766 1707 834 1782 des
870 1707 1092 1804 orphischen
1131 1707 1327 1804 Predigers
1364 1708 1439 1781 und
1477 1707 1562 1780 Pro·

428 1831 585 1930 pheten3
623 1856 666 1905 so
702 1829 839 1904 wieder
874 1830 924 1903 im
962 1829 1126 1929 Gorgias
1162 1830 1238 1903 und
1270 1828 1471 1922 weiterhin,
1500 1852 1562 1903 arn

428 1954 615 2028 st'arksten
643 1953 693 2026 irn
722 1951 915 2026 Phaed0.'’

482 2075 559 2150 Sed
581 2076 630 2149 de
653 2073 709 2148 his
732 2073 837 2173 plura
861 2075 983 2149 dicere
1006 2074 1055 2148 ad
1078 2073 1230 2149 huiusce
1254 2073 1377 2172 operis
1399 2073 1564 2148 rationes

430 2223 504 2273 non
546 2199 726 2296 quadrat:
769 2197 815 2272 id
856 2223 997 2271 unum
1039 2198 1310 2296 quaeritur,
1354 2196 1470 2294 quid
1506 2197 1563 2270 de

430 2321 663 2418 Orphicis
687 2322 815 2395 Pnnro
842 2320 888 2396 in
917 2321 1153 2420 operibus
1177 2321 1297 2394 dicat
1320 2319 1561 2394 iudicetve.

433 2446 559 2540 Quam
584 2445 840 2542 quaestionem
864 2459 905 2518 ut
928 2443 1181 2542 profligemus,
1205 2443 1459 2542 perscrutandi
1478 2458 1564 2517 sunt

434 2566 534 2665 prius
562 2566 585 2640 ii
613 2565 695 2658 loci,
724 2567 858 2665 quibus
885 2567 1034 2641 nomine
1061 2567 1265 2641 afferuntur
1292 2565 1456 2664 Orphici‚
1484 2583 1564 2640 tum

431 2689 478 2764 de
521 2689 565 2762 iis
601 2704 658 2764 est
693 2689 903 2780 dicendum,
941 2715 1100 2788 quorum
1136 2691 1252 2764 verba
1288 2689 1397 2764 latius
1424 2705 1565 2787 patent,

431 2837 527 2910 quos
562 2826 688 2886 tamen
720 2813 770 2886 ad
798 2837 864 2886 eos
892 2811 1107 2886 referendos
1134 2839 1216 2887 esse
1243 2812 1305 2887 vel
1332 2828 1474 2888 certum
1501 2810 1563 2886 vel

427 2933 506 3008 veri
530 2933 647 3009 simile
670 2933 731 3009 vel
755 2935 868 3009 etiarn
892 2935 970 3008 veri
992 2935 1167 3009 dissimile
1191 2935 1255 3010 sit:
1277 2960 1375 3034 quae
1390 2935 1562 3009 universa

427 3057 543 3132 hocce
569 3055 745 3132 fasciculo
771 3073 932 3132 tractare
961 3084 1043 3132 cum
1071 3056 1226 3157 longum
1254 3057 1311 3150 sit,
1341 3059 1486 3157 integra
1514 3082 1562 3133 ea

427 3179 463 3252 in
491 3177 648 3254 alterum
676 3178 888 3254 fasciculum
916 3204 1108 3255 reservare
1135 3195 1312 3279 praestat.

474 3453 500 3520 ι)
520 3453 652 3504 Praeclare
677 3453 709 3502 de
735 3453 865 3503 Pannona
884 3452 1058 3520 Orphiconrm
1076 3453 1251 3504 doctrinarum
1270 3460 1395 3505 sectatore
1413 3454 1467 3520 agit
1486 3455 1561 3505 Wm-

424 3551 562 3605 ansano,
582 3537 702 3606 Platon³‚
724 3539 859 3606 stuttgart,
880 3553 944 3604 1901
962 3540 1126 3606 (Frommans
1141 3541 1220 3591 klass.
1236 3541 1262 3592 d.
1278 3541 1376 3592 Philos.
1390 3539 1449 3609 IX).
1464 3541 1498 3591 V.
1508 3543 1562 3592 Der

424 3626 559 3692 Thwloge
578 3626 668 3693 (pagg.
690 3625 849 3693 124-148).

471 3711 498 3780 t)
516 3713 623 3764 Platona
643 3712 807 3764 Ideenlehre.
826 3713 943 3779 Leipzig.
966 3726 1041 3780 1903,
1061 3730 1120 3780 pag.
1140 3714 1183 3778 36.

469 3799 510 3850 Cf.
536 3809 669 3867 praeterea
695 3816 754 3866 pag.
781 3799 826 3865 56:
855 3801 920 3864 „wie
944 3799 1022 3849 beide
1040 3799 1170 3851 Schriften
1190 3799 1332 3867 [Phaedrus
1351 3807 1377 3852 et
1395 3799 1517 3867 Gorgias]
1533 3802 1561 3851 in

424 3886 565 3936 wiederum
580 3887 632 3937 nah
642 3886 819 3954 vernandten,
828 3887 888 3936 dem
898 3886 1113 3938 Gedankenkreis
1123 3886 1169 3938 der
1178 3888 1282 3954 Orphik
1292 3887 1446 3939 entlehnten
1457 3887 1561 3938 Gleich·

424 3973 513 4024 nissen
532 3971 698 4024 ausfthren.”

468 4077 528 4126 pag.
548 4059 596 4124 84:
618 4061 670 4125 „Es
689 4061 723 4110 ist
744 4061 825 4124 naht,
842 4059 902 4110 dass
921 4060 1013 4110 Puro
1031 4060 1102 4111 seine
1116 4062 1163 4112 mit
1180 4062 1239 4112 dem
1254 4063 1394 4128 religioseu
1406 4062 1561 4113 Gedanken·

422 4147 491 4197 kreis
513 4147 559 4198 der
575 4147 680 4213 Orphik
695 4146 1001 4212 zusammenhhngenden
1019 4148 1256 4214 psychologisehen
1275 4149 1479 4215 Vorstellungen
1495 4149 1561 4200 auch

423 4241 507 4300 sonst,
523 4233 591 4284 auch
610 4234 645 4284 im
664 4234 770 4284 Phaedo
789 4233 845 4284 und
865 4233 936 4283 Staat
954 4234 1001 4283 mit
1021 4233 1067 4284 der
1086 4235 1239 4286 Ideenlehre
1259 4251 1339 4300 enger
1358 4235 1509 4302 verknhpst,
1524 4237 1562 4286 als

423 4320 459 4370 im
477 4321 606 4370 Interesse
617 4321 689 4370 einer
698 4320 790 4370 reinen
801 4319 1004 4384 Durchsnhrung
1013 4319 1061 4370 der
1069 4320 1178 4372 letztern
1189 4322 1336 4373 erwttnscht
1346 4321 1406 4373 ist.''
1416 4323 1560 4372 Posteriora

422 4421 512 4456 annon
531 4423 591 4457 vera
609 4407 671 4474 sint,
689 4406 794 4475 dubit03
814 4407 860 4458 sed
877 4408 928 4457 hoc
946 4407 1005 4458 loco
1020 4407 1087 4458 nihil
1105 4409 1139 4458 ad
1157 4425 1211 4458 rem
1229 4411 1368 4474 pertinent.
