3724 5576
983 607 1005 675 8

425 830 505 877 cum
529 804 576 877 de
597 802 654 878 illo
678 804 769 893 dicit,
794 803 968 878 moderari
981 801 1014 894 ;’'
1027 799 1052 900 ¹)
1071 828 1178 900 quem
1192 801 1304 876 omnis
1318 798 1561 898 philosophiae

425 942 611 1024 parentem
621 925 645 1023 a)
673 921 868 1024 appellavit
889 925 1096 1017 Hunnorum,
1121 925 1167 997 de
1190 949 1262 1022 quo
1285 923 1435 1020 denique
1448 920 1559 995 claris·

426 1048 533 1121 simus
568 1048 624 1122 ille
650 1047 851 1148 philologus
879 1048 1061 1121 Bocrmus
1089 1047 1240 1144 scripsit:
1276 1046 1351 1119 »ich
1378 1043 1561 1118 verdanke

426 1169 497 1242 ihm
525 1171 594 1244 den
622 1172 746 1245 besten
773 1169 876 1244 Theil
903 1170 1035 1244 meiner
1063 1165 1294 1269 Bildungt'’³)

480 1293 532 1366 At
557 1320 623 1390 per
649 1293 767 1366 omnia
794 1291 936 1366 saecula
962 1317 1123 1364 summos
1149 1315 1309 1388 quosque
1331 1315 1373 1363 ac
1397 1287 1561 1363 nobilissi-

427 1441 505 1490 mos
539 1415 779 1514 philosophos,
816 1441 941 1490 omnes
968 1415 1108 1514 ingenio
1135 1430 1241 1512 atque
1268 1413 1386 1487 animo
1412 1410 1560 1512 singula-

426 1564 495 1628 res,
520 1565 645 1613 omnes
667 1539 817 1636 denique
840 1537 1031 1635 praestanti
1046 1562 1088 1610 ac
1102 1561 1218 1634 paene
1232 1536 1299 1608 dixi
1312 1536 1428 1609 divina
1441 1551 1561 1608 mente

426 1676 533 1758 atque
555 1659 671 1735 indole
693 1661 874 1758 praeditos
897 1659 1050 1733 maxime
1064 1659 1257 1733 admiratos
1270 1683 1349 1732 esse
1363 1657 1559 1748 Platonem,

426 1783 649 1881 maximeque
686 1808 732 1856 eo
764 1809 844 1857 esse
872 1781 1078 1872 delectatos,
1108 1781 1183 1879 quis
1210 1780 1406 1854 mirabitur?
1434 1781 1561 1854 Nonne

429 1905 503 1978 eius
538 1905 781 2003 philosophiae
817 1906 977 1980 tractatio
1010 1905 1145 2002 optimo
1172 1919 1209 1978 et
1235 1902 1450 2001 amplissimo
1477 1928 1561 2002 quo-

427 2054 496 2127 que
523 2029 724 2129 dignissima
750 2029 826 2102 est?
853 2028 982 2125 Ecquis
1008 2053 1078 2102 non
1106 2027 1184 2100 dico
1206 2026 1396 2100 eruditione
1418 2041 1479 2100 aut
1501 2026 1561 2100 do-

426 2151 544 2242 ctrina,
568 2152 633 2225 sed
654 2152 780 2252 ingenii
801 2151 1050 2252 magnitudine,
1065 2151 1130 2225 sed
1142 2149 1247 2224 animi
1259 2147 1481 2238 sublimitate,
1496 2148 1561 2221 sed

426 2274 553 2347 mentis
589 2275 759 2364 acumine,
793 2274 859 2347 sed
890 2273 1109 2372 cogitationis
1137 2288 1254 2346 motus
1280 2269 1469 2360 celeritate,
1497 2270 1563 2343 sed

427 2397 614 2496 gravitate,
652 2397 718 2470 sed
753 2396 923 2494 sermonis
949 2394 1071 2492 lepore
1100 2409 1207 2491 atque
1234 2391 1423 2467 subtilitate
1431 2390 1456 2490 ⁴)
1485 2389 1559 2465 Pla-

427 2519 498 2592 toni
532 2519 723 2616 praestitit?
750 2518 878 2591 Nonne
905 2518 953 2590 ad
979 2542 1155 2590 summum
1183 2515 1344 2613 perduxit
1370 2515 1424 2588 hic
1451 2514 1558 2612 philo·

425 2640 586 2737 sophiam
612 2640 853 2714 Graecorum?
874 2640 1001 2713 Nonne
1021 2638 1187 2728 omnium,
1207 2638 1266 2735 qui
1279 2637 1350 2710 fide
1365 2637 1560 2711 Christiana

425 2764 607 2852 caruerint,
631 2763 786 2836 omnium
809 2763 867 2861 qui
890 2763 1090 2851 erraverint,
1113 2761 1284 2834 maximus
1302 2759 1362 2833 suit
1375 2759 1559 2835 etnobilis·

428 2886 546 2975 simuS,
583 2910 699 2958 nonne
736 2884 782 2957 ad
818 2909 942 2958 veram
977 2883 1183 2983 religionem
1209 2883 1369 2980 proxime
1396 2883 1561 2956 accessit?

426 3007 567 3080 Numne
591 3007 698 3081 etiam
720 3006 983 3096 Amsrorunns
999 3031 1152 3104 magnus
1164 3004 1219 3078 ille
1233 3002 1474 3102 philosophus,
1490 3029 1560 3078 non

426 3130 505 3202 dico
532 3129 688 3202 doctrina
715 3145 776 3202 aut
802 3129 836 3201 in
858 3128 1000 3228 singulis
1022 3128 1176 3217 scientia,
1199 3152 1270 3200 non
1292 3126 1370 3200 dico
1383 3127 1441 3200 via
1453 3143 1561 3224 atque

426 3252 560 3325 ratione
595 3249 876 3348 philosophandi,
913 3250 979 3324 sed
1005 3250 1144 3350 ingenio
1171 3265 1209 3322 et
1234 3248 1439 3346 prudentiae
1460 3246 1561 3322 subli-

425 3374 548 3447 mitate
575 3374 666 3446 hunc
689 3373 939 3471 aequiperavit,
964 3373 1095 3446 nedum
1113 3371 1310 3470 superavit?
1325 3371 1502 3468 Quidquid
1515 3371 1562 3444 de

424 3494 606 3570 idealismo
642 3496 706 3569 dici
741 3511 873 3594 potest,
905 3496 1030 3570 mentis
1066 3497 1242 3570 humanae
1278 3495 1430 3568 divinam
1467 3509 1562 3569 certe

426 3619 596 3718 originem
624 3619 794 3711 ostendit,
823 3635 860 3692 et
885 3617 1054 3692 idealismi
1077 3642 1205 3716 parens
1232 3617 1293 3691 suit
1318 3617 1458 3690 Puero!

475 3891 485 3928 1
520 3880 552 3929 Ο.
564 3879 582 3930 l.
655 3915 661 3928 .
684 3891 705 3928 r.

471 3875 501 4031 al
520 3965 581 4014 0.l.
600 3895 660 4030 ἕξ.
681 3966 771 4014 XVII:
794 3966 881 4030 „eines
902 3965 995 4016 Vaters
1014 3966 1078 4016 aller
1096 3966 1294 4032 Philosophie”.

471 4050 500 4117 3)
520 4051 773 4116 „Untersuchungen
798 4053 861 4102 tiber
886 4052 932 4102 das
959 4052 1105 4103 kosmisehe
1125 4053 1226 4118 System
1245 4054 1290 4103 des
1309 4051 1420 4103 Platon''
1442 4051 1519 4118 1852,
1537 4053 1563 4104 in

427 4138 486 4203 fine,
507 4138 578 4202 apud
597 4138 766 4204 Horatiana,
784 4154 808 4187 o.
819 4137 837 4186 l.
857 4154 916 4203 pag.
939 4151 996 4201 104.
1014 4139 1055 4189 ef.
1072 4139 1149 4190 etiam
1167 4155 1226 4205 pag.
1242 4154 1289 4202 44:
1311 4139 1372 4204 „aus
1383 4139 1564 4190 historischen:

426 4226 508 4290 Wege
525 4224 615 4274 schien
631 4224 686 4273 ihm
702 4223 821 4290 [Bdcxu]
838 4223 884 4274 dus
902 4225 1074 4275 Verstttndnis
1096 4225 1141 4276 der
1161 4225 1345 4291 platonischen
1361 4225 1514 4276 ldeenlehre
1524 4243 1564 4276 am

426 4312 581 4362 leichtesteu
600 4310 755 4376 erreichbar,
773 4311 809 4360 in
828 4311 886 4362 der
905 4327 938 4360 er
954 4311 1009 4361 die
1025 4311 1312 4363 vollkommenste
1329 4313 1497 4377 Leistung
1510 4311 1564 4362 des

425 4397 657 4463 griechischen
675 4397 807 4448 Geistes
822 4397 878 4447 aus
892 4397 1205 4464 philosophischem
1223 4399 1360 4450 Gebiete
1377 4397 1564 4449 erkannte.''

470 4484 500 4552 4)
519 4485 559 4534 Cf.
586 4483 934 4550 c1cmo,1)eRepub1.1.
958 4496 999 4550 10,
1021 4484 1067 4534 16:
1093 4487 1253 4552 „ltaque...
1270 4486 1387 4551 leporem
1406 4486 1564 4536 Socraticum

426 4571 649 4637 subtilitatemque
674 4571 800 4621 sermonis
820 4587 878 4620 cum
896 4571 1056 4622 obscuritate
1075 4573 1236 4639 Pythagorae
1255 4581 1282 4624 et
1300 4589 1360 4626 cum
1378 4574 1424 4626 illa
1442 4573 1563 4640 plurimu·

426 4675 481 4710 rum
498 4658 592 4709 artium
608 4658 734 4726 gravitate
750 4655 915 4709 contexuit.‘'
