3698 5574
818 681 884 749 161

286 903 332 951 ex
361 873 540 950 Heracliti
568 873 736 946 doctrina
765 871 1023 970 explicaturus,
1052 887 1200 946 vetusta
1229 873 1416 971 quaedam

283 998 465 1097 sapientia
501 997 598 1070 hunc
636 995 806 1069 docuisse
845 995 931 1068 dicit
965 996 1254 1069 contendentem
1290 995 1415 1069 omnia

285 1145 409 1194 meare
438 1145 506 1193 nec
534 1119 733 1216 quicquam
761 1142 926 1207 manere,
954 1131 992 1190 et
1020 1116 1120 1190 fluvii
1144 1117 1293 1192 fluxioni
1316 1144 1413 1192 com·

285 1258 480 1340 parantem
508 1266 553 1314 ea
582 1265 679 1338 quae
707 1255 804 1331 sunt,
833 1239 890 1312 bis
918 1254 955 1312 te
980 1239 1140 1312 eundem
1165 1239 1315 1313 fluvium
1341 1266 1416 1314 non

285 1391 395 1464 posse
419 1365 563 1463 ingredi
587 1364 792 1438 dicentem:
818 1363 957 1461 quippe
980 1361 1098 1435 simile
1123 1363 1211 1459 quid
1235 1362 1416 1436 inanimo

284 1487 460 1561 habuisse
505 1513 591 1561 eum
633 1487 696 1584 qui
737 1485 962 1583 reliquorum
1004 1485 1159 1559 deorum
1202 1486 1416 1584 parentibus

285 1610 460 1709 imposuit
483 1609 633 1684 nomina
658 1609 804 1683 Rheam
828 1624 866 1682 et
891 1607 1069 1698 Cronum,
1084 1633 1168 1680 cum
1184 1633 1258 1681 non
1273 1623 1415 1682 temere

285 1733 431 1830 utrique
469 1732 670 1805 fluxionum
708 1732 858 1805 nomina
892 1730 1079 1822 indiderit,
1109 1755 1178 1804 nec
1206 1731 1415 1828 discrepare

284 1870 455 1929 veterum
486 1865 682 1952 poetarum
721 1855 903 1928 carmina:
941 1853 1107 1944 Homeri,
1148 1853 1318 1944 Hesiodi,
1347 1853 1414 1927 Or-

285 1973 432 2075 phei:¹)
456 1977 492 2049 hi
516 2001 614 2074 quae
639 1977 807 2068 dixerint,
827 1992 865 2050 et
887 1975 981 2050 inter
1001 2002 1041 2050 se
1065 1977 1260 2051 concinere
1277 1977 1414 2067 omnia,
1467 1969 1469 1976 ’

285 2115 322 2173 et
358 2098 408 2173 ad
448 2098 746 2174 Heracliteorum
783 2097 1057 2172 similitudinem
1094 2099 1293 2173 accedere:
1325 2096 1415 2178 ταῦτ’

284 2207 341 2300 οὖν
377 2221 486 2300 σκέπει
523 2221 569 2299 ἔτι
607 2227 662 2299 καὶ
701 2221 859 2312 ἀλλήλοις
895 2230 1060 2324 συμφωνεῖ
1093 2223 1149 2298 καὶ
1184 2221 1263 2323 πρὸς
1291 2218 1331 2298 roi
1360 2231 1415 2300 τοῦ

284 2340 491 2448 Ἡρακλείτου
528 2341 636 2422 πάντα
667 2349 775 2422 τεῖναι
805 2367 880 2417 non
908 2341 1076 2415 scribitur
1095 2350 1226 2438 po‘e‘tas
1253 2342 1347 2417 inter
1374 2369 1414 2416 se

284 2465 478 2539 concinere
511 2453 636 2563 (οὗτοι),
669 2464 736 2539 sed
763 2464 935 2537 carmina
964 2461 1097 2561 (ταῦτ’).
1130 2464 1239 2559 Quae
1264 2465 1415 2561 quinam

284 2586 495 2684 scripserint
531 2586 592 2660 vix
625 2585 731 2660 ullius
759 2611 841 2660 esse
869 2587 1059 2677 momenti,
1090 2586 1171 2684 quis
1198 2611 1273 2660 non
1302 2587 1415 2678 videt,

285 2733 368 2782 cum
397 2735 444 2783 ne
467 2710 649 2784 vetustius
673 2709 846 2783 habuisse
866 2707 1075 2781 Punnonuu
1100 2707 1242 2806 Orphei
1267 2733 1415 2782 carmen

290 2829 482 2905 Heraclito
519 2847 621 2906 certo
655 2831 805 2929 quidem
834 2830 926 2904 effici
956 2830 1073 2928 possit
1100 2855 1147 2904 ex
1174 2830 1243 2903 loci
1271 2831 1417 2905 verbis?

339 2952 449 3047 Quae
477 2979 561 3026 cum
584 2954 635 3028 ita
659 2955 742 3046 sint,
768 2978 892 3027 nonne
916 2953 1161 3026 umbraticam
1185 2953 1309 3049 potius
1333 2953 1416 3027 doc·

285 3075 419 3149 trinam
457 3101 571 3172 quam
607 3077 708 3151 vitae
741 3074 950 3149 cotidianae
965 3100 1189 3149 *sermonem
1217 3075 1413 3170 redoleret,

286 3196 317 3270 si
357 3223 444 3295 pro:
483 3199 567 3302 λέγει
606 3200 646 3276 δέ
679 3230 738 3278 που
771 3199 828 3276 καὶ
858 3193 988 3304 Ὀρφεύς
1025 3197 1230 3295 scripsisset
1267 3197 1413 3270 Pmm:

333 3422 359 3490 1)
378 3425 475 3490 Cratyl.
499 3427 585 3490 401ss
610 3442 683 3493 sqq.:
708 3425 776 3489 μετὰ
801 3421 824 3472 δ’
841 3422 943 3472 Ἐστέαν
962 3419 1054 3471 θέααιον
1072 3420 1140 3471 Ῥέαν
1156 3421 1200 3471 καὶ
1217 3423 1302 3484 Κρθνον
1320 3415 1419 3469 έιεισιιέ·

284 3503 387 3565 omar.
404 3509 486 3558 ιιαέτοι
504 3513 536 3560 σθ
551 3527 584 3574 γε
601 3513 647 3560 τοῦ
665 3512 752 3574 Κρόνον
769 3509 848 3570 ’ὄνομα
864 3506 909 3566 ἤδη
928 3505 1065 3570 θιιέλθομεν.
1077 3507 1139 3567 'tom
1154 3508 1240 3572 μέντοι
1257 3504 1326 3557 οέιθέν
1344 3505 1419 3570 λέγει.

326 3594 396 3640 unu.
412 3591 447 3639 τι
461 3589 499 3649 tr,
516 3587 534 3641 ὅ
550 3591 689 3655 sturmo

325 3678 377 3722 ΣΩ.
394 3671 500 3737 Ὠγαθέ,
520 3673 644 3733 έννενθειιιέ
661 3693 688 3725 τι
706 3678 798 3739 σμῆνος
814 3676 914 3740 σοφίας.

327 3760 396 3807 EPM.
413 3758 486 3806 Ποῖον
503 3754 533 3815 tt
551 3761 642 3816 τοῦτο;

325 3841 376 3886 m.
395 3841 492 3888 Γελοῗον
512 3841 557 3901 μὶν
575 3840 741 3908 τθννιεέτεῒν,
760 3836 829 3902 οἶμαι
848 3839 934 3904 μέντοι
951 3841 1008 3889 τινα
1025 3837 1178 3897 τιθανθτντα
1195 3837 1264 3902 θχον.

328 3923 395 3968 Em
413 3921 474 3972 Τένα
492 3921 602 3981 ratim

330 4007 381 4052 ΣΩ.
400 4003 447 4051 Τθν
465 4002 626 4066 Ἧρέιελειτθν
644 4021 686 4065 μοι
703 4003 764 4053 tona
782 4003 883 4067 καθορᾶν
897 4003 994 4053 παλαί’
1009 4001 1079 4053 θττα
1095 4003 1162 4066 σοφὰ
1176 4000 1295 4065 λέγοντα,
1303 4000 1419 4064 brixina

285 4083 321 4132 τὰ
338 4080 379 4133 έιεέ
396 4086 484 4145 Κρόνον
502 4084 545 4135 καὶ
562 4085 640 4148 Ῥέας,
656 4085 674 4136 a
692 4085 735 4136 καθ
751 4085 861 4149 Ὅμηρος
877 4085 973 4150 έλεγεν.

328 4169 397 4214 EPM.
416 4172 472 4220 Πθε
488 4170 566 4217 τοῦτο
583 4167 681 4230 λέγειςς

331 4253 383 4297 m.
401 4247 481 4310 Λέγει
498 4265 546 4298 τον
565 4249 735 4312 Ἡράκλειτος,
752 4249 792 4300 θτι
808 4249 893 4300 οειθνσα
910 4253 989 4314 xuni
1003 4249 1045 4299 καὶ
1062 4247 1131 4298 οέιθὶν
1148 4248 1224 4310 μένει,
1242 4247 1284 4298 nai
1303 4251 1420 4309 τοταμοθ

289 4331 329 4396 θοῇ
345 4329 489 4395 θτειιιέζαν
506 4331 541 4380 rit
557 4329 620 4380 ’θντα
637 4330 717 4396 λέγει,
734 4332 767 4391 ὣς
783 4331 819 4391 θές
837 4337 863 4392 ές
879 4334 922 4383 τθν
939 4331 1015 4384 atvar
1033 4333 1147 4392 ποταμὸν
1165 4329 1209 4380 οέιιι
1226 4330 1256 4380 ἂν
1273 4330 1387 4392 έμβσένα.

329 4417 398 4462 ΕΡΜ.
416 4411 492 4462 Ι’ῑῐσνν
510 4415 604 4464 ταῦτα.

328 4501 381 4546 xo.
403 4494 439 4544 T!
458 4489 513 4551 οθνς
536 4494 603 4545 δοκεῖ
623 4514 662 4546 σοι
685 4496 844 4560 θλλσιθτιρον
868 4498 1033 4562 Ἡρακλείτου
1057 4499 1117 4547 νοεῖν
1132 4497 1145 4546 θ
1161 4495 1286 4558 τιθέμενος
1302 4497 1355 4552 τοῖς
1372 4499 1422 4543 τῶν

288 4577 372 4628 ἄλλαν
395 4578 451 4627 θεῶν
474 4579 600 4641 ιερογθνοις
619 4579 686 4629 Ῥέαν
703 4597 734 4629 τι
750 4580 792 4630 καὶ
810 4583 908 4644 torm
926 4578 973 4645 θρα
990 4579 1034 4631 θέει
1051 4580 1101 4630 tur
1119 4583 1165 4629 τοῦ
1181 4577 1329 4640 αιίτεμιέτεν
1346 4575 1422 4626 aben

287 4657 439 4722 ἀμφοτέροις
453 4657 580 4721 θενμθτειν
596 4661 708 4724 θνθματα
722 4662 819 4721 θέσθαι·,
837 4662 918 4725 dorm
933 4659 965 4712 αθ
974 4662 1085 4724 Ὅμηρος
1094 4663 1212 4711 Ὠκεανόν
1221 4677 1251 4710 τε
1259 4660 1316 4708 θεῦν
1324 4658 1422 4722 γένεσίν

287 4750 362 4808 φασιν
378 4741 420 4792 ινα)
437 4741 534 4804 μητέρα
550 4741 644 4802 Τηθύν·
662 4739 731 4806 οἶμαι
749 4742 777 4795 di
794 4745 837 4795 ιιαῖ
855 4743 977 4804 Ἡσίοδος.
996 4745 1066 4808 λέγει
1082 4742 1109 4794 δέ
1123 4760 1172 4794 τον
1187 4742 1229 4792 καὶ
1238 4741 1340 4805 Ὀρφεύς
1348 4753 1421 4791 ιε.τ.λ.

1274 4854 1302 4891 11
