<?xml version="1.0" encoding="UTF-8"?>
<!DOCTYPE html PUBLIC "-//W3C//DTD XHTML 1.0 Transitional//EN"
    "http://www.w3.org/TR/xhtml1/DTD/xhtml1-transitional.dtd">
<html xmlns="http://www.w3.org/1999/xhtml" xml:lang="en" lang="en">
 <head>
  <title>
</title>
<meta http-equiv="Content-Type" content="text/html;charset=utf-8" />
  <meta name='ocr-system' content='tesseract 3.04.00' />
  <meta name='ocr-capabilities' content='ocr_page ocr_carea ocr_par ocr_line ocrx_word'/>
</head>
<body>
  <div class='ocr_page' id='page_1' title='image "./deplatonepraeso01woltgoog_0075.png"; bbox 0 0 3724 5576; ppageno 0'>
   <div class='ocr_carea' id='block_1_1' title="bbox 980 643 1026 732">
    <p class='ocr_par' dir='ltr' id='par_1_1' title="bbox 980 643 1026 732">
     <span class='ocr_line' id='line_1_1' title="bbox 980 643 1026 732; baseline 0 -22"><span class='ocrx_word' id='word_1_1' title='bbox 980 643 1026 732; x_wconf 84' lang='lat'><strong>58</strong></span> 
     </span>
    </p>
   </div>
   <div class='ocr_carea' id='block_1_2' title="bbox 434 835 1570 2773">
    <p class='ocr_par' dir='ltr' id='par_1_2' title="bbox 436 835 1570 1425">
     <span class='ocr_line' id='line_1_2' title="bbox 437 835 1569 935; baseline -0.001 -26"><span class='ocrx_word' id='word_1_2' title='bbox 437 837 588 935; x_wconf 91' lang='lat' dir='ltr'><strong>phorum</strong></span> <span class='ocrx_word' id='word_1_3' title='bbox 612 863 760 912; x_wconf 86' lang='lat' dir='ltr'><strong>numero</strong></span> <span class='ocrx_word' id='word_1_4' title='bbox 780 835 834 912; x_wconf 88' lang='lat' dir='ltr'><strong>ille</strong></span> <span class='ocrx_word' id='word_1_5' title='bbox 846 838 991 928; x_wconf 84' lang='lat' dir='ltr'><strong>habeat,</strong></span> <span class='ocrx_word' id='word_1_6' title='bbox 1006 837 1090 912; x_wconf 86' lang='lat' dir='ltr'><strong>satis</strong></span> <span class='ocrx_word' id='word_1_7' title='bbox 1103 855 1158 912; x_wconf 89' lang='lat' dir='ltr'><strong>est</strong></span> <span class='ocrx_word' id='word_1_8' title='bbox 1171 837 1401 934; x_wconf 90' lang='lat' dir='ltr'><strong>perspicuum.</strong></span> <span class='ocrx_word' id='word_1_9' title='bbox 1417 836 1569 926; x_wconf 84' lang='lat' dir='ltr'><strong>Etenim,</strong></span> 
     </span>
     <span class='ocr_line' id='line_1_3' title="bbox 438 956 1570 1060; baseline 0 -28"><span class='ocrx_word' id='word_1_10' title='bbox 438 958 466 1032; x_wconf 91' lang='lat' dir='ltr'><strong>si</strong></span> <span class='ocrx_word' id='word_1_11' title='bbox 493 960 541 1032; x_wconf 89' lang='lat' dir='ltr'><strong>ad</strong></span> <span class='ocrx_word' id='word_1_12' title='bbox 564 959 802 1033; x_wconf 88' lang='lat' dir='ltr'><strong>definitionum</strong></span> <span class='ocrx_word' id='word_1_13' title='bbox 828 960 954 1033; x_wconf 85' lang='lat' dir='ltr'><strong>harum</strong></span> <span class='ocrx_word' id='word_1_14' title='bbox 976 985 1137 1035; x_wconf 87' lang='lat' dir='ltr'><strong>normam</strong></span> <span class='ocrx_word' id='word_1_15' title='bbox 1160 960 1309 1060; x_wconf 86' lang='lat' dir='ltr'><strong>dirigere</strong></span> <span class='ocrx_word' id='word_1_16' title='bbox 1330 973 1367 1032; x_wconf 89' lang='lat' dir='ltr'><strong>te</strong></span> <span class='ocrx_word' id='word_1_17' title='bbox 1388 956 1500 1048; x_wconf 85' lang='lat' dir='ltr'><strong>voles,</strong></span> <span class='ocrx_word' id='word_1_18' title='bbox 1524 958 1570 1032; x_wconf 89' lang='lat' dir='ltr'><strong>de</strong></span> 
     </span>
     <span class='ocr_line' id='line_1_4' title="bbox 437 1081 1569 1180; baseline -0.002 -24"><span class='ocrx_word' id='word_1_19' title='bbox 437 1082 600 1156; x_wconf 89' lang='lat' dir='ltr'><strong>omnibus</strong></span> <span class='ocrx_word' id='word_1_20' title='bbox 627 1083 690 1156; x_wconf 84' lang='lat' dir='ltr'><strong>erit</strong></span> <span class='ocrx_word' id='word_1_21' title='bbox 716 1082 903 1156; x_wconf 89' lang='lat' dir='ltr'><strong>dicendum</strong></span> <span class='ocrx_word' id='word_1_22' title='bbox 929 1084 1001 1173; x_wconf 86' lang='lat' dir='ltr'><strong>tibi,</strong></span> <span class='ocrx_word' id='word_1_23' title='bbox 1029 1083 1089 1180; x_wconf 91' lang='lat' dir='ltr'><strong>qui</strong></span> <span class='ocrx_word' id='word_1_24' title='bbox 1110 1083 1297 1156; x_wconf 81' lang='lat' dir='ltr'><strong>veritatem</strong></span> <span class='ocrx_word' id='word_1_25' title='bbox 1319 1081 1406 1154; x_wconf 90' lang='lat' dir='ltr'><strong>scire</strong></span> <span class='ocrx_word' id='word_1_26' title='bbox 1427 1107 1468 1154; x_wconf 91' lang='lat' dir='ltr'><strong>se</strong></span> <span class='ocrx_word' id='word_1_27' title='bbox 1489 1107 1569 1179; x_wconf 91' lang='lat' dir='ltr'><strong>pro·</strong></span> 
     </span>
     <span class='ocr_line' id='line_1_5' title="bbox 437 1203 1569 1303; baseline -0.002 -25"><span class='ocrx_word' id='word_1_28' title='bbox 437 1203 610 1279; x_wconf 89' lang='lat' dir='ltr'><strong>fiteantur.</strong></span> <span class='ocrx_word' id='word_1_29' title='bbox 646 1204 757 1298; x_wconf 86' lang='lat' dir='ltr'><strong>Quod</strong></span> <span class='ocrx_word' id='word_1_30' title='bbox 784 1205 941 1279; x_wconf 91' lang='lat' dir='ltr'><strong>indicium</strong></span> <span class='ocrx_word' id='word_1_31' title='bbox 967 1207 1126 1280; x_wconf 85' lang='lat' dir='ltr'><strong>incertius</strong></span> <span class='ocrx_word' id='word_1_32' title='bbox 1152 1222 1219 1295; x_wconf 91' lang='lat' dir='ltr'><strong>est,</strong></span> <span class='ocrx_word' id='word_1_33' title='bbox 1247 1230 1355 1303; x_wconf 90' lang='lat' dir='ltr'><strong>quam</strong></span> <span class='ocrx_word' id='word_1_34' title='bbox 1380 1219 1418 1278; x_wconf 86' lang='lat' dir='ltr'><strong>ut</strong></span> <span class='ocrx_word' id='word_1_35' title='bbox 1445 1227 1569 1277; x_wconf 89' lang='lat' dir='ltr'><strong>norma</strong></span> 
     </span>
     <span class='ocr_line' id='line_1_6' title="bbox 436 1326 849 1425; baseline 0.005 -26"><span class='ocrx_word' id='word_1_36' title='bbox 436 1327 469 1399; x_wconf 91' lang='lat' dir='ltr'><strong>in</strong></span> <span class='ocrx_word' id='word_1_37' title='bbox 496 1326 628 1401; x_wconf 86' lang='lat' dir='ltr'><strong>haere</strong></span> <span class='ocrx_word' id='word_1_38' title='bbox 656 1344 849 1425; x_wconf 85' lang='lat' dir='ltr'><strong>usurpetur.</strong></span> 
     </span>
    </p>

    <p class='ocr_par' dir='ltr' id='par_1_3' title="bbox 434 1449 1569 2658">
     <span class='ocr_line' id='line_1_7' title="bbox 489 1449 1568 1553; baseline 0.005 -31"><span class='ocrx_word' id='word_1_39' title='bbox 489 1449 649 1539; x_wconf 87' lang='lat' dir='ltr'><strong>Accedit,</strong></span> <span class='ocrx_word' id='word_1_40' title='bbox 678 1450 777 1547; x_wconf 91' lang='lat' dir='ltr'><strong>quod</strong></span> <span class='ocrx_word' id='word_1_41' title='bbox 799 1451 938 1524; x_wconf 88' lang='lat' dir='ltr'><strong>minime</strong></span> <span class='ocrx_word' id='word_1_42' title='bbox 960 1451 1042 1523; x_wconf 72' lang='lat' dir='ltr'><strong>solit</strong></span> <span class='ocrx_word' id='word_1_43' title='bbox 1064 1449 1181 1524; x_wconf 88' lang='lat' dir='ltr'><strong>verbis</strong></span> <span class='ocrx_word' id='word_1_44' title='bbox 1196 1475 1292 1547; x_wconf 88' lang='lat' dir='ltr'><strong>quae</strong></span> <span class='ocrx_word' id='word_1_45' title='bbox 1306 1464 1388 1523; x_wconf 90' lang='lat' dir='ltr'><strong>sunt</strong></span> <span class='ocrx_word' id='word_1_46' title='bbox 1400 1455 1568 1553; x_wconf 82' lang='grc' dir='ltr'><strong><em>φιλοσοφία</em></strong></span> 
     </span>
     <span class='ocr_line' id='line_1_8' title="bbox 436 1571 1569 1677; baseline -0.001 -32"><span class='ocrx_word' id='word_1_47' title='bbox 436 1586 473 1645; x_wconf 89' lang='lat' dir='ltr'><strong>et</strong></span> <span class='ocrx_word' id='word_1_48' title='bbox 499 1572 667 1677; x_wconf 78' lang='grc' dir='ltr'><strong><em>φιλέσοφος</em></strong></span> <span class='ocrx_word' id='word_1_49' title='bbox 694 1573 851 1647; x_wconf 86' lang='lat' dir='ltr'><strong>subiecta</strong></span> <span class='ocrx_word' id='word_1_50' title='bbox 878 1590 933 1647; x_wconf 88' lang='lat' dir='ltr'><strong>est</strong></span> <span class='ocrx_word' id='word_1_51' title='bbox 954 1573 1050 1647; x_wconf 88' lang='lat' dir='ltr'><strong>notio</strong></span> <span class='ocrx_word' id='word_1_52' title='bbox 1073 1599 1118 1647; x_wconf 86' lang='lat' dir='ltr'><strong>ea</strong></span> <span class='ocrx_word' id='word_1_53' title='bbox 1133 1599 1229 1670; x_wconf 86' lang='lat' dir='ltr'><strong>quae</strong></span> <span class='ocrx_word' id='word_1_54' title='bbox 1242 1572 1337 1646; x_wconf 87' lang='lat' dir='ltr'><strong>hisce</strong></span> <span class='ocrx_word' id='word_1_55' title='bbox 1350 1571 1569 1668; x_wconf 89' lang='lat' dir='ltr'><strong>temporibus</strong></span> 
     </span>
     <span class='ocr_line' id='line_1_9' title="bbox 435 1694 1567 1794; baseline -0.003 -26"><span class='ocrx_word' id='word_1_56' title='bbox 435 1695 524 1768; x_wconf 90' lang='lat' dir='ltr'><strong>inest</strong></span> <span class='ocrx_word' id='word_1_57' title='bbox 537 1695 719 1769; x_wconf 86' lang='lat' dir='ltr'><strong>vocabulis</strong></span> <span class='ocrx_word' id='word_1_58' title='bbox 726 1696 951 1794; x_wconf 58' lang='lat' dir='ltr'><strong>philosopho</strong></span> <span class='ocrx_word' id='word_1_59' title='bbox 964 1712 1001 1770; x_wconf 93' lang='lat' dir='ltr'><strong>et</strong></span> <span class='ocrx_word' id='word_1_60' title='bbox 1005 1695 1249 1793; x_wconf 69' lang='lat' dir='ltr'><strong>philosophus.</strong></span> <span class='ocrx_word' id='word_1_61' title='bbox 1274 1695 1427 1791; x_wconf 89' lang='lat' dir='ltr'><strong>Euthyd.</strong></span> <span class='ocrx_word' id='word_1_62' title='bbox 1448 1694 1567 1766; x_wconf 81' lang='lat'><em>2881)</em></span> 
     </span>
     <span class='ocr_line' id='line_1_10' title="bbox 436 1816 1567 1923; baseline -0.006 -27"><span class='ocrx_word' id='word_1_63' title='bbox 436 1825 603 1923; x_wconf 81' lang='grc' dir='ltr'><strong><em>φιλοσοφία</em></strong></span> <span class='ocrx_word' id='word_1_64' title='bbox 626 1818 786 1893; x_wconf 85' lang='lat' dir='ltr'><strong>definitur</strong></span> <span class='ocrx_word' id='word_1_65' title='bbox 809 1833 918 1911; x_wconf 76' lang='grc' dir='ltr'><strong><em>κτῆσις</em></strong></span> <span class='ocrx_word' id='word_1_66' title='bbox 942 1821 1131 1923; x_wconf 74' lang='grc' dir='ltr'><em>ἐπιστήμης,</em></span> <span class='ocrx_word' id='word_1_67' title='bbox 1150 1818 1277 1892; x_wconf 89' lang='lat' dir='ltr'><strong>ethuic</strong></span> <span class='ocrx_word' id='word_1_68' title='bbox 1290 1816 1476 1890; x_wconf 84' lang='lat' dir='ltr'><strong>definitioni</strong></span> <span class='ocrx_word' id='word_1_69' title='bbox 1489 1840 1567 1890; x_wconf 91' lang='lat' dir='ltr'><strong>con-</strong></span> 
     </span>
     <span class='ocr_line' id='line_1_11' title="bbox 435 1938 1568 2042; baseline -0.003 -28"><span class='ocrx_word' id='word_1_70' title='bbox 435 1958 605 2042; x_wconf 84' lang='lat' dir='ltr'><strong>gruenter</strong></span> <span class='ocrx_word' id='word_1_71' title='bbox 627 1941 793 2040; x_wconf 82' lang='lat' dir='ltr'><strong>Sympos</strong></span> <span class='ocrx_word' id='word_1_72' title='bbox 823 1941 939 2036; x_wconf 86' lang='lat' dir='ltr'><strong>203E</strong></span> <span class='ocrx_word' id='word_1_73' title='bbox 962 1968 1014 2040; x_wconf 92' lang='lat' dir='ltr'><strong>sq.</strong></span> <span class='ocrx_word' id='word_1_74' title='bbox 1040 1941 1160 2015; x_wconf 90' lang='lat' dir='ltr'><strong>dicitur</strong></span> <span class='ocrx_word' id='word_1_75' title='bbox 1182 1942 1330 2015; x_wconf 88' lang='lat' dir='ltr'><strong>deorum</strong></span> <span class='ocrx_word' id='word_1_76' title='bbox 1349 1938 1483 2014; x_wconf 91' lang='lat' dir='ltr'><strong>nullum</strong></span> <span class='ocrx_word' id='word_1_77' title='bbox 1496 1939 1568 2036; x_wconf 91' lang='lat' dir='ltr'><strong>phi·</strong></span> 
     </span>
     <span class='ocr_line' id='line_1_12' title="bbox 435 2062 1566 2168; baseline -0.003 -31"><span class='ocrx_word' id='word_1_78' title='bbox 435 2062 613 2161; x_wconf 87' lang='lat' dir='ltr'><strong>losophari</strong></span> <span class='ocrx_word' id='word_1_79' title='bbox 635 2065 850 2168; x_wconf 80' lang='grc' dir='ltr'>(φιλοσοφεῖν),</span> <span class='ocrx_word' id='word_1_80' title='bbox 874 2088 939 2137; x_wconf 89' lang='lat' dir='ltr'><strong>nec</strong></span> <span class='ocrx_word' id='word_1_81' title='bbox 963 2089 1003 2138; x_wconf 91' lang='lat' dir='ltr'><strong>se</strong></span> <span class='ocrx_word' id='word_1_82' title='bbox 1026 2089 1155 2160; x_wconf 88' lang='lat' dir='ltr'><strong>cupere</strong></span> <span class='ocrx_word' id='word_1_83' title='bbox 1179 2063 1375 2161; x_wconf 88' lang='lat' dir='ltr'><strong>sapientem</strong></span> <span class='ocrx_word' id='word_1_84' title='bbox 1389 2062 1566 2151; x_wconf 81' lang='lat' dir='ltr'><strong>exsistere,</strong></span> 
     </span>
     <span class='ocr_line' id='line_1_13' title="bbox 435 2183 1567 2288; baseline 0 -30"><span class='ocrx_word' id='word_1_85' title='bbox 435 2210 535 2258; x_wconf 90' lang='lat' dir='ltr'><strong>cum</strong></span> <span class='ocrx_word' id='word_1_86' title='bbox 571 2187 630 2260; x_wconf 90' lang='lat' dir='ltr'><strong>sit</strong></span> <span class='ocrx_word' id='word_1_87' title='bbox 664 2186 858 2284; x_wconf 87' lang='lat' dir='ltr'><strong>sapiens</strong></span> <span class='ocrx_word' id='word_1_88' title='bbox 895 2186 1028 2288; x_wconf 77' lang='grc' dir='ltr'><strong>(σοφός);</strong></span> <span class='ocrx_word' id='word_1_89' title='bbox 1063 2211 1209 2283; x_wconf 89' lang='lat' dir='ltr'><strong>neque</strong></span> <span class='ocrx_word' id='word_1_90' title='bbox 1245 2185 1282 2258; x_wconf 87' lang='lat' dir='ltr'><strong>si</strong></span> <span class='ocrx_word' id='word_1_91' title='bbox 1315 2185 1419 2281; x_wconf 92' lang='lat' dir='ltr'><strong>quis</strong></span> <span class='ocrx_word' id='word_1_92' title='bbox 1445 2183 1567 2258; x_wconf 85' lang='lat' dir='ltr'><strong>alius</strong></span> 
     </span>
     <span class='ocr_line' id='line_1_14' title="bbox 435 2307 1565 2413; baseline 0.004 -32"><span class='ocrx_word' id='word_1_93' title='bbox 435 2309 627 2406; x_wconf 88' lang='lat' dir='ltr'><strong>sapiens</strong></span> <span class='ocrx_word' id='word_1_94' title='bbox 650 2309 770 2413; x_wconf 76' lang='grc' dir='ltr'><strong>(σοφός)</strong></span> <span class='ocrx_word' id='word_1_95' title='bbox 793 2309 870 2400; x_wconf 90' lang='lat' dir='ltr'><strong>sit,</strong></span> <span class='ocrx_word' id='word_1_96' title='bbox 895 2308 1005 2383; x_wconf 92' lang='lat' dir='ltr'><strong>hunc</strong></span> <span class='ocrx_word' id='word_1_97' title='bbox 1027 2307 1335 2406; x_wconf 85' lang='lat' dir='ltr'><strong>philosophari</strong></span> <span class='ocrx_word' id='word_1_98' title='bbox 1350 2309 1565 2410; x_wconf 77' lang='grc' dir='ltr'><strong><em>(φιλοσοφεῖν),</em></strong></span> 
     </span>
     <span class='ocr_line' id='line_1_15' title="bbox 435 2429 1568 2534; baseline 0.003 -29"><span class='ocrx_word' id='word_1_99' title='bbox 435 2457 501 2505; x_wconf 91' lang='lat' dir='ltr'><strong>nec</strong></span> <span class='ocrx_word' id='word_1_100' title='bbox 521 2432 674 2529; x_wconf 89' lang='lat' dir='ltr'><strong>denique</strong></span> <span class='ocrx_word' id='word_1_101' title='bbox 695 2430 933 2528; x_wconf 80' lang='lat' dir='ltr'><strong>philosophari</strong></span> <span class='ocrx_word' id='word_1_102' title='bbox 945 2432 1162 2529; x_wconf 77' lang='lat' dir='ltr'><strong>insipientes3</strong></span> <span class='ocrx_word' id='word_1_103' title='bbox 1177 2447 1214 2504; x_wconf 88' lang='lat' dir='ltr'><strong>et</strong></span> <span class='ocrx_word' id='word_1_104' title='bbox 1227 2429 1388 2505; x_wconf 86' lang='lat' dir='ltr'><strong>definitur</strong></span> <span class='ocrx_word' id='word_1_105' title='bbox 1400 2430 1568 2534; x_wconf 80' lang='grc' dir='ltr'><strong><em>φιλόσοφος</em></strong></span> 
     </span>
     <span class='ocr_line' id='line_1_16' title="bbox 434 2548 1215 2658; baseline 0.006 -32"><span class='ocrx_word' id='word_1_106' title='bbox 434 2554 463 2626; x_wconf 90' lang='lat' dir='ltr'><strong>is</strong></span> <span class='ocrx_word' id='word_1_107' title='bbox 490 2554 547 2651; x_wconf 90' lang='lat' dir='ltr'><strong>qui</strong></span> <span class='ocrx_word' id='word_1_108' title='bbox 574 2570 629 2627; x_wconf 88' lang='lat' dir='ltr'><strong>est</strong></span> <span class='ocrx_word' id='word_1_109' title='bbox 654 2551 779 2656; x_wconf 83' lang='grc' dir='ltr'><strong><em>μεταξὺ</em></strong></span> <span class='ocrx_word' id='word_1_110' title='bbox 808 2563 905 2658; x_wconf 79' lang='grc' dir='ltr'><strong><em>σοφοῦ</em></strong></span> <span class='ocrx_word' id='word_1_111' title='bbox 931 2561 987 2632; x_wconf 85' lang='grc' dir='ltr'><strong>καὶ</strong></span> <span class='ocrx_word' id='word_1_112' title='bbox 1017 2548 1215 2657; x_wconf 60' lang='grc' dir='ltr'><strong>α’μαθοῡς.1)</strong></span> 
     </span>
    </p>

    <p class='ocr_par' dir='ltr' id='par_1_4' title="bbox 488 2673 1568 2773">
     <span class='ocr_line' id='line_1_17' title="bbox 488 2673 1568 2773; baseline 0.002 -26"><span class='ocrx_word' id='word_1_113' title='bbox 488 2674 540 2748; x_wconf 90' lang='lat' dir='ltr'><strong>At</strong></span> <span class='ocrx_word' id='word_1_114' title='bbox 566 2674 639 2749; x_wconf 91' lang='lat' dir='ltr'><strong>aliis</strong></span> <span class='ocrx_word' id='word_1_115' title='bbox 665 2673 759 2765; x_wconf 87' lang='lat' dir='ltr'><strong>locis,</strong></span> <span class='ocrx_word' id='word_1_116' title='bbox 789 2691 828 2749; x_wconf 88' lang='lat' dir='ltr'><strong>ut</strong></span> <span class='ocrx_word' id='word_1_117' title='bbox 855 2675 1005 2749; x_wconf 87' lang='lat' dir='ltr'><strong>Theaet.</strong></span> <span class='ocrx_word' id='word_1_118' title='bbox 1042 2696 1111 2768; x_wconf 87' lang='lat'><strong>152</strong></span> <span class='ocrx_word' id='word_1_119' title='bbox 1129 2675 1172 2764; x_wconf 86' lang='lat' dir='ltr'><strong>E,</strong></span> <span class='ocrx_word' id='word_1_120' title='bbox 1199 2701 1306 2773; x_wconf 89' lang='lat' dir='ltr'><strong>quem</strong></span> <span class='ocrx_word' id='word_1_121' title='bbox 1330 2673 1448 2749; x_wconf 92' lang='lat' dir='ltr'><strong>locum</strong></span> <span class='ocrx_word' id='word_1_122' title='bbox 1461 2700 1568 2773; x_wconf 84' lang='lat' dir='ltr'><strong>supra</strong></span> 
     </span>
    </p>
   </div>
   <div class='ocr_carea' id='block_1_3' title="bbox 433 2795 1566 2901">
    <p class='ocr_par' dir='ltr' id='par_1_5' title="bbox 433 2795 1566 2901">
     <span class='ocr_line' id='line_1_18' title="bbox 433 2795 1566 2901; baseline -0.001 -29"><span class='ocrx_word' id='word_1_123' title='bbox 433 2797 573 2872; x_wconf 85' lang='lat' dir='ltr'><strong>laudavi</strong></span> <span class='ocrx_word' id='word_1_124' title='bbox 595 2813 632 2872; x_wconf 88' lang='lat' dir='ltr'><strong>et</strong></span> <span class='ocrx_word' id='word_1_125' title='bbox 658 2796 788 2872; x_wconf 89' lang='lat' dir='ltr'><strong>Phileb.</strong></span> <span class='ocrx_word' id='word_1_126' title='bbox 826 2803 870 2870; x_wconf 90' lang='lat'><strong>16</strong></span> <span class='ocrx_word' id='word_1_127' title='bbox 885 2795 963 2894; x_wconf 78' lang='lat' dir='ltr'><strong>E&#39;),</strong></span> <span class='ocrx_word' id='word_1_128' title='bbox 992 2805 1084 2901; x_wconf 80' lang='grc' dir='ltr'><strong><em>σοφοί</em></strong></span> <span class='ocrx_word' id='word_1_129' title='bbox 1103 2813 1274 2871; x_wconf 86' lang='lat' dir='ltr'><strong>vocantur</strong></span> <span class='ocrx_word' id='word_1_130' title='bbox 1295 2824 1386 2897; x_wconf 91' lang='lat' dir='ltr'><strong>quos</strong></span> <span class='ocrx_word' id='word_1_131' title='bbox 1407 2823 1473 2872; x_wconf 90' lang='lat' dir='ltr'><strong>nos</strong></span> <span class='ocrx_word' id='word_1_132' title='bbox 1494 2798 1566 2895; x_wconf 93' lang='lat' dir='ltr'><strong>phi-</strong></span> 
     </span>
    </p>
   </div>
   <div class='ocr_carea' id='block_1_4' title="bbox 416 3086 1569 4763">
    <p class='ocr_par' dir='ltr' id='par_1_6' title="bbox 435 3086 1566 3412">
     <span class='ocr_line' id='line_1_19' title="bbox 480 3086 1566 3152; baseline 0.002 -17"><span class='ocrx_word' id='word_1_133' title='bbox 480 3086 581 3136; x_wconf 78' lang='lat' dir='ltr'><strong>Revera</strong></span> <span class='ocrx_word' id='word_1_134' title='bbox 599 3095 686 3137; x_wconf 80' lang='lat' dir='ltr'><strong>autern</strong></span> <span class='ocrx_word' id='word_1_135' title='bbox 702 3089 769 3152; x_wconf 87' lang='lat' dir='ltr'><strong>Rep.</strong></span> <span class='ocrx_word' id='word_1_136' title='bbox 787 3089 810 3136; x_wconf 96' lang='lat' dir='ltr'>V</span> <span class='ocrx_word' id='word_1_137' title='bbox 826 3099 877 3152; x_wconf 86' lang='lat'><strong>473</strong></span> <span class='ocrx_word' id='word_1_138' title='bbox 889 3089 909 3138; x_wconf 91' lang='lat' dir='ltr'>C</span> <span class='ocrx_word' id='word_1_139' title='bbox 920 3089 945 3136; x_wconf 91' lang='lat' dir='ltr'>D</span> <span class='ocrx_word' id='word_1_140' title='bbox 961 3087 1100 3152; x_wconf 82' lang='lat' dir='ltr'><strong>significari</strong></span> <span class='ocrx_word' id='word_1_141' title='bbox 1115 3102 1131 3135; x_wconf 81' lang='lat' dir='ltr'>a</span> <span class='ocrx_word' id='word_1_142' title='bbox 1141 3086 1271 3136; x_wconf 76' lang='grc' dir='ltr'><strong><em>Ριλτοιλιῑ</em></strong></span> <span class='ocrx_word' id='word_1_143' title='bbox 1280 3086 1452 3152; x_wconf 85' lang='lat' dir='ltr'><strong>philosophos</strong></span> <span class='ocrx_word' id='word_1_144' title='bbox 1462 3088 1566 3152; x_wconf 85' lang='lat' dir='ltr'><strong>proprie</strong></span> 
     </span>
     <span class='ocr_line' id='line_1_20' title="bbox 435 3171 1565 3239; baseline 0.002 -18"><span class='ocrx_word' id='word_1_145' title='bbox 435 3171 528 3239; x_wconf 59' lang='lat' dir='ltr'><strong>dictos²</strong></span> <span class='ocrx_word' id='word_1_146' title='bbox 553 3189 602 3223; x_wconf 90' lang='lat' dir='ltr'><strong>nec</strong></span> <span class='ocrx_word' id='word_1_147' title='bbox 625 3181 676 3223; x_wconf 80' lang='lat' dir='ltr'><strong>tam</strong></span> <span class='ocrx_word' id='word_1_148' title='bbox 700 3188 862 3224; x_wconf 87' lang='lat' dir='ltr'><strong>communem</strong></span> <span class='ocrx_word' id='word_1_149' title='bbox 889 3190 944 3224; x_wconf 83' lang='lat' dir='ltr'><strong>esse</strong></span> <span class='ocrx_word' id='word_1_150' title='bbox 968 3175 1017 3223; x_wconf 90' lang='lat' dir='ltr'><strong>hoc</strong></span> <span class='ocrx_word' id='word_1_151' title='bbox 1043 3172 1102 3223; x_wconf 91' lang='lat' dir='ltr'><strong>loco</strong></span> <span class='ocrx_word' id='word_1_152' title='bbox 1126 3174 1199 3222; x_wconf 88' lang='lat' dir='ltr'><strong>vocis</strong></span> <span class='ocrx_word' id='word_1_153' title='bbox 1223 3173 1300 3223; x_wconf 85' lang='lat' dir='ltr'><strong>huius</strong></span> <span class='ocrx_word' id='word_1_154' title='bbox 1324 3175 1386 3238; x_wconf 80' lang='lat' dir='ltr'><strong>vim,</strong></span> <span class='ocrx_word' id='word_1_155' title='bbox 1410 3190 1488 3239; x_wconf 81' lang='lat' dir='ltr'><strong>quam</strong></span> <span class='ocrx_word' id='word_1_156' title='bbox 1507 3190 1565 3224; x_wconf 88' lang='lat' dir='ltr'><strong>cum</strong></span> 
     </span>
     <span class='ocr_line' id='line_1_21' title="bbox 436 3260 1564 3328; baseline 0.003 -21"><span class='ocrx_word' id='word_1_157' title='bbox 436 3260 680 3327; x_wconf 73' lang='lat' dir='ltr'><strong>WrumanANmUS,</strong></span> <span class='ocrx_word' id='word_1_158' title='bbox 704 3268 758 3310; x_wconf 87' lang='lat' dir='ltr'><strong>tum</strong></span> <span class='ocrx_word' id='word_1_159' title='bbox 783 3261 896 3311; x_wconf 73' lang='lat' dir='ltr'>STALLB.</span> <span class='ocrx_word' id='word_1_160' title='bbox 915 3261 947 3310; x_wconf 81' lang='lat' dir='ltr'><strong>ad</strong></span> <span class='ocrx_word' id='word_1_161' title='bbox 966 3261 984 3310; x_wconf 93' lang='lat' dir='ltr'><strong>l.</strong></span> <span class='ocrx_word' id='word_1_162' title='bbox 1003 3260 1105 3309; x_wconf 82' lang='lat' dir='ltr'><strong>videtur</strong></span> <span class='ocrx_word' id='word_1_163' title='bbox 1125 3267 1224 3325; x_wconf 76' lang='lat' dir='ltr'><strong>putare,</strong></span> <span class='ocrx_word' id='word_1_164' title='bbox 1243 3260 1406 3328; x_wconf 61' lang='lat' dir='ltr'><strong>manifestum</strong></span> <span class='ocrx_word' id='word_1_165' title='bbox 1425 3268 1463 3310; x_wconf 85' lang='lat' dir='ltr'><strong>est</strong></span> <span class='ocrx_word' id='word_1_166' title='bbox 1482 3277 1514 3310; x_wconf 86' lang='lat' dir='ltr'><strong>ex</strong></span> <span class='ocrx_word' id='word_1_167' title='bbox 1532 3262 1564 3311; x_wconf 82' lang='lat' dir='ltr'><strong>iis</strong></span> 
     </span>
     <span class='ocr_line' id='line_1_22' title="bbox 435 3342 1565 3412; baseline -0.001 -16"><span class='ocrx_word' id='word_1_168' title='bbox 435 3362 502 3411; x_wconf 80' lang='lat' dir='ltr'><strong>quae</strong></span> <span class='ocrx_word' id='word_1_169' title='bbox 527 3355 650 3412; x_wconf 82' lang='lat' dir='ltr'><strong>rogantur</strong></span> <span class='ocrx_word' id='word_1_170' title='bbox 675 3363 735 3412; x_wconf 81' lang='lat' dir='ltr'><strong>pag.</strong></span> <span class='ocrx_word' id='word_1_171' title='bbox 760 3344 857 3411; x_wconf 86' lang='lat' dir='ltr'>484B:</span> <span class='ocrx_word' id='word_1_172' title='bbox 882 3342 966 3402; x_wconf 69' lang='grc' dir='ltr'><strong><em>ἐπειδὴ</em></strong></span> <span class='ocrx_word' id='word_1_173' title='bbox 990 3346 1123 3408; x_wconf 74' lang='grc' dir='ltr'><strong><em>φιλόσοφοι</em></strong></span> <span class='ocrx_word' id='word_1_174' title='bbox 1147 3344 1193 3405; x_wconf 69' lang='grc' dir='ltr'><strong>μὶν</strong></span> <span class='ocrx_word' id='word_1_175' title='bbox 1215 3345 1241 3393; x_wconf 70' lang='grc' dir='ltr'><strong>σι’</strong></span> <span class='ocrx_word' id='word_1_176' title='bbox 1259 3347 1305 3392; x_wconf 82' lang='grc' dir='ltr'><strong><em>τοῦ</em></strong></span> <span class='ocrx_word' id='word_1_177' title='bbox 1328 3343 1367 3393; x_wconf 68' lang='grc' dir='ltr'><strong>ἀοῖ</strong></span> <span class='ocrx_word' id='word_1_178' title='bbox 1389 3347 1457 3394; x_wconf 65' lang='grc' dir='ltr'><strong><em>κατὰ</em></strong></span> <span class='ocrx_word' id='word_1_179' title='bbox 1479 3342 1565 3395; x_wconf 68' lang='grc' dir='ltr'><strong><em>τοῦτον</em></strong></span> 
     </span>
    </p>

    <p class='ocr_par' dir='ltr' id='par_1_7' title="bbox 416 3429 1566 3663">
     <span class='ocr_line' id='line_1_23' title="bbox 416 3429 1566 3494; baseline 0.003 -16"><span class='ocrx_word' id='word_1_180' title='bbox 416 3429 553 3492; x_wconf 48' lang='lat' dir='ltr'><strong>‚ocurrere</strong></span> <span class='ocrx_word' id='word_1_181' title='bbox 575 3431 681 3494; x_wconf 71' lang='grc' dir='ltr'><strong><em>ῦχοντος</em></strong></span> <span class='ocrx_word' id='word_1_182' title='bbox 698 3429 826 3493; x_wconf 77' lang='grc' dir='ltr'><strong><em>δννῦμινοι</em></strong></span> <span class='ocrx_word' id='word_1_183' title='bbox 845 3429 1009 3494; x_wconf 75' lang='grc' dir='ltr'><strong><em>ίφῦππεσῦιιι,</em></strong></span> <span class='ocrx_word' id='word_1_184' title='bbox 1027 3431 1053 3480; x_wconf 75' lang='grc' dir='ltr'><strong>σῖ</strong></span> <span class='ocrx_word' id='word_1_185' title='bbox 1067 3429 1095 3480; x_wconf 68' lang='grc' dir='ltr'><strong>δῦ</strong></span> <span class='ocrx_word' id='word_1_186' title='bbox 1113 3431 1147 3493; x_wconf 71' lang='grc' dir='ltr'><strong>μὴ</strong></span> <span class='ocrx_word' id='word_1_187' title='bbox 1166 3430 1227 3480; x_wconf 75' lang='grc' dir='ltr'><strong>ἀλλ’</strong></span> <span class='ocrx_word' id='word_1_188' title='bbox 1246 3429 1270 3480; x_wconf 76' lang='grc' dir='ltr'><strong>έν</strong></span> <span class='ocrx_word' id='word_1_189' title='bbox 1287 3434 1391 3490; x_wconf 80' lang='grc' dir='ltr'><strong><em>πολλοῖς</em></strong></span> <span class='ocrx_word' id='word_1_190' title='bbox 1408 3431 1450 3482; x_wconf 72' lang='grc' dir='ltr'><strong><em>οιαὶ</em></strong></span> <span class='ocrx_word' id='word_1_191' title='bbox 1467 3431 1566 3491; x_wconf 70' lang='grc' dir='ltr'><strong><em>πάντας</em></strong></span> 
     </span>
     <span class='ocr_line' id='line_1_24' title="bbox 429 3510 1565 3580; baseline 0.004 -20"><span class='ocrx_word' id='word_1_192' title='bbox 429 3510 538 3575; x_wconf 66' lang='grc' dir='ltr'><strong><em>’ἰσχονσι</em></strong></span> <span class='ocrx_word' id='word_1_193' title='bbox 560 3512 713 3574; x_wconf 68' lang='grc' dir='ltr'><strong><em>πλανώμενοι</em></strong></span> <span class='ocrx_word' id='word_1_194' title='bbox 736 3511 764 3562; x_wconf 82' lang='grc' dir='ltr'><strong>οῦ</strong></span> <span class='ocrx_word' id='word_1_195' title='bbox 785 3515 927 3576; x_wconf 80' lang='grc' dir='ltr'><strong><em>φιλόσοφοι,</em></strong></span> <span class='ocrx_word' id='word_1_196' title='bbox 948 3511 1106 3574; x_wconf 74' lang='grc' dir='ltr'><strong>ποτέρους</strong></span> <span class='ocrx_word' id='word_1_197' title='bbox 1130 3511 1165 3570; x_wconf 68' lang='grc' dir='ltr'><strong>δὴ</strong></span> <span class='ocrx_word' id='word_1_198' title='bbox 1189 3511 1239 3562; x_wconf 75' lang='grc' dir='ltr'><strong>δοῖ</strong></span> <span class='ocrx_word' id='word_1_199' title='bbox 1258 3515 1380 3572; x_wconf 73' lang='grc' dir='ltr'><strong><em>πόλεως</em></strong></span> <span class='ocrx_word' id='word_1_200' title='bbox 1403 3515 1565 3580; x_wconf 71' lang='grc' dir='ltr'><strong>ἡγεμόνας</strong></span> 
     </span>
     <span class='ocr_line' id='line_1_25' title="bbox 432 3590 1426 3663; baseline 0 -18"><span class='ocrx_word' id='word_1_201' title='bbox 432 3590 529 3650; x_wconf 68' lang='grc' dir='ltr'><strong><em>οἴνοις</em></strong></span> <span class='ocrx_word' id='word_1_202' title='bbox 547 3613 569 3647; x_wconf 89' lang='lat' dir='ltr'><strong>e.</strong></span> <span class='ocrx_word' id='word_1_203' title='bbox 581 3614 607 3663; x_wconf 86' lang='lat' dir='ltr'><strong>q.</strong></span> <span class='ocrx_word' id='word_1_204' title='bbox 617 3615 637 3648; x_wconf 87' lang='lat' dir='ltr'><strong>s.</strong></span> <span class='ocrx_word' id='word_1_205' title='bbox 657 3599 792 3648; x_wconf 77' lang='lat' dir='ltr'><strong>Praeterea</strong></span> <span class='ocrx_word' id='word_1_206' title='bbox 809 3598 998 3648; x_wconf 77' lang='lat' dir='ltr'><strong>animadvertas</strong></span> <span class='ocrx_word' id='word_1_207' title='bbox 1017 3597 1083 3647; x_wconf 91' lang='lat' dir='ltr'><strong>illud</strong></span> <span class='ocrx_word' id='word_1_208' title='bbox 1100 3595 1207 3658; x_wconf 75' lang='grc' dir='ltr'><strong>γνησίως</strong></span> <span class='ocrx_word' id='word_1_209' title='bbox 1225 3612 1254 3645; x_wconf 83' lang='grc' dir='ltr'><strong><em>τι</em></strong></span> <span class='ocrx_word' id='word_1_210' title='bbox 1271 3596 1313 3644; x_wconf 76' lang='lat' dir='ltr'><strong>nai</strong></span> <span class='ocrx_word' id='word_1_211' title='bbox 1329 3597 1426 3654; x_wconf 73' lang='grc' dir='ltr'><strong><em>Ιιιανῦςῐ</em></strong></span> 
     </span>
    </p>

    <p class='ocr_par' dir='ltr' id='par_1_8' title="bbox 433 3684 1564 4011">
     <span class='ocr_line' id='line_1_26' title="bbox 478 3684 1562 3754; baseline 0.003 -20"><span class='ocrx_word' id='word_1_212' title='bbox 478 3686 599 3735; x_wconf 86' lang='lat' dir='ltr'><strong>Ceterum</strong></span> <span class='ocrx_word' id='word_1_213' title='bbox 617 3701 775 3750; x_wconf 75' lang='lat' dir='ltr'><strong>quemquam</strong></span> <span class='ocrx_word' id='word_1_214' title='bbox 794 3699 825 3734; x_wconf 88' lang='lat' dir='ltr'><strong>ex</strong></span> <span class='ocrx_word' id='word_1_215' title='bbox 844 3684 884 3734; x_wconf 92' lang='lat' dir='ltr'><strong>his</strong></span> <span class='ocrx_word' id='word_1_216' title='bbox 901 3685 967 3734; x_wconf 89' lang='lat' dir='ltr'><strong>locis</strong></span> <span class='ocrx_word' id='word_1_217' title='bbox 985 3684 1048 3749; x_wconf 87' lang='lat' dir='ltr'><strong>quid</strong></span> <span class='ocrx_word' id='word_1_218' title='bbox 1069 3685 1102 3733; x_wconf 85' lang='lat' dir='ltr'><strong>sit</strong></span> <span class='ocrx_word' id='word_1_219' title='bbox 1122 3701 1181 3734; x_wconf 84' lang='lat' dir='ltr'><strong>vere</strong></span> <span class='ocrx_word' id='word_1_220' title='bbox 1200 3684 1353 3750; x_wconf 88' lang='lat' dir='ltr'><strong>philosophi</strong></span> <span class='ocrx_word' id='word_1_221' title='bbox 1368 3703 1469 3754; x_wconf 70' lang='lat' dir='ltr'><strong>munus,</strong></span> <span class='ocrx_word' id='word_1_222' title='bbox 1487 3687 1562 3738; x_wconf 84' lang='lat' dir='ltr'><strong>facile</strong></span> 
     </span>
     <span class='ocr_line' id='line_1_27' title="bbox 434 3771 1562 3838; baseline 0.002 -16"><span class='ocrx_word' id='word_1_223' title='bbox 434 3771 599 3838; x_wconf 84' lang='lat' dir='ltr'><strong>perspicitur,</strong></span> <span class='ocrx_word' id='word_1_224' title='bbox 623 3780 650 3821; x_wconf 82' lang='lat' dir='ltr'><strong>et</strong></span> <span class='ocrx_word' id='word_1_225' title='bbox 670 3787 759 3821; x_wconf 73' lang='lat' dir='ltr'><strong>norme</strong></span> <span class='ocrx_word' id='word_1_226' title='bbox 778 3771 861 3837; x_wconf 79' lang='lat' dir='ltr'><strong>datur,</strong></span> <span class='ocrx_word' id='word_1_227' title='bbox 879 3771 912 3821; x_wconf 76' lang='lat' dir='ltr'><strong>cd</strong></span> <span class='ocrx_word' id='word_1_228' title='bbox 931 3787 1009 3837; x_wconf 78' lang='lat' dir='ltr'><strong>quam</strong></span> <span class='ocrx_word' id='word_1_229' title='bbox 1027 3771 1136 3821; x_wconf 82' lang='lat' dir='ltr'><strong>aliorum</strong></span> <span class='ocrx_word' id='word_1_230' title='bbox 1154 3771 1370 3837; x_wconf 83' lang='lat' dir='ltr'><strong>philosophorum</strong></span> <span class='ocrx_word' id='word_1_231' title='bbox 1387 3772 1456 3823; x_wconf 73' lang='lat' dir='ltr'><strong>iacta</strong></span> <span class='ocrx_word' id='word_1_232' title='bbox 1474 3780 1500 3824; x_wconf 87' lang='lat' dir='ltr'><strong>et</strong></span> <span class='ocrx_word' id='word_1_233' title='bbox 1518 3773 1562 3824; x_wconf 90' lang='lat' dir='ltr'><strong>do·</strong></span> 
     </span>
     <span class='ocr_line' id='line_1_28' title="bbox 433 3859 1564 3926; baseline 0.001 -17"><span class='ocrx_word' id='word_1_234' title='bbox 433 3859 530 3909; x_wconf 77' lang='lat' dir='ltr'><strong>ctrinae</strong></span> <span class='ocrx_word' id='word_1_235' title='bbox 549 3859 602 3908; x_wconf 88' lang='lat' dir='ltr'><strong>sint</strong></span> <span class='ocrx_word' id='word_1_236' title='bbox 620 3859 790 3924; x_wconf 77' lang='lat' dir='ltr'><strong>aestimanda,</strong></span> <span class='ocrx_word' id='word_1_237' title='bbox 807 3875 919 3924; x_wconf 84' lang='lat' dir='ltr'><strong>—quos</strong></span> <span class='ocrx_word' id='word_1_238' title='bbox 935 3859 961 3909; x_wconf 91' lang='lat' dir='ltr'><strong>in</strong></span> <span class='ocrx_word' id='word_1_239' title='bbox 978 3859 1194 3924; x_wconf 87' lang='lat' dir='ltr'><strong>philosophorum</strong></span> <span class='ocrx_word' id='word_1_240' title='bbox 1207 3874 1314 3908; x_wconf 83' lang='lat' dir='ltr'><strong>numero</strong></span> <span class='ocrx_word' id='word_1_241' title='bbox 1329 3861 1449 3910; x_wconf 81' lang='lat' dir='ltr'><strong>habuerit</strong></span> <span class='ocrx_word' id='word_1_242' title='bbox 1464 3861 1564 3926; x_wconf 74' lang='lat' dir='ltr'>PLATO,</span> 
     </span>
     <span class='ocr_line' id='line_1_29' title="bbox 434 3945 875 4011; baseline -0.002 -15"><span class='ocrx_word' id='word_1_243' title='bbox 434 3953 503 3997; x_wconf 85' lang='lat' dir='ltr'><strong>certo</strong></span> <span class='ocrx_word' id='word_1_244' title='bbox 523 3962 554 3995; x_wconf 84' lang='lat' dir='ltr'><strong>ex</strong></span> <span class='ocrx_word' id='word_1_245' title='bbox 572 3947 605 3995; x_wconf 91' lang='lat' dir='ltr'><strong>iis</strong></span> <span class='ocrx_word' id='word_1_246' title='bbox 623 3945 689 3995; x_wconf 89' lang='lat' dir='ltr'><strong>effici</strong></span> <span class='ocrx_word' id='word_1_247' title='bbox 708 3962 762 3995; x_wconf 92' lang='lat' dir='ltr'><strong>non</strong></span> <span class='ocrx_word' id='word_1_248' title='bbox 781 3953 875 4011; x_wconf 82' lang='lat' dir='ltr'><strong>potest.</strong></span> 
     </span>
    </p>

    <p class='ocr_par' dir='ltr' id='par_1_9' title="bbox 430 4032 1569 4590">
     <span class='ocr_line' id='line_1_30' title="bbox 480 4032 1569 4100; baseline 0.002 -18"><span class='ocrx_word' id='word_1_249' title='bbox 480 4033 506 4100; x_wconf 88' lang='lat'><strong>1)</strong></span> <span class='ocrx_word' id='word_1_250' title='bbox 525 4033 581 4083; x_wconf 82' lang='grc' dir='ltr'><strong><em>ῦιῦν</em></strong></span> <span class='ocrx_word' id='word_1_251' title='bbox 605 4032 683 4092; x_wconf 78' lang='grc' dir='ltr'><strong><em>οῦδιῖς</em></strong></span> <span class='ocrx_word' id='word_1_252' title='bbox 705 4035 840 4098; x_wconf 79' lang='grc' dir='ltr'><strong><em>φιλοσοφοῖ</em></strong></span> <span class='ocrx_word' id='word_1_253' title='bbox 861 4032 913 4084; x_wconf 73' lang='grc' dir='ltr'><strong>οὐδ’</strong></span> <span class='ocrx_word' id='word_1_254' title='bbox 937 4033 1051 4096; x_wconf 77' lang='grc' dir='ltr'><strong><em>ἐπιῦνμεῖ</em></strong></span> <span class='ocrx_word' id='word_1_255' title='bbox 1072 4035 1149 4097; x_wconf 76' lang='grc' dir='ltr'><strong><em>σοφὸς</em></strong></span> <span class='ocrx_word' id='word_1_256' title='bbox 1165 4034 1297 4097; x_wconf 59' lang='lat' dir='ltr'><strong>parratas·</strong></span> <span class='ocrx_word' id='word_1_257' title='bbox 1315 4033 1373 4083; x_wconf 75' lang='grc' dir='ltr'><strong><em>’ἐστι</em></strong></span> <span class='ocrx_word' id='word_1_258' title='bbox 1390 4033 1454 4098; x_wconf 70' lang='grc' dir='ltr'><strong>γάρ·</strong></span> <span class='ocrx_word' id='word_1_259' title='bbox 1473 4033 1525 4085; x_wconf 72' lang='grc' dir='ltr'><strong>οὔδ’</strong></span> <span class='ocrx_word' id='word_1_260' title='bbox 1544 4034 1569 4084; x_wconf 67' lang='lat' dir='ltr'><strong>lt</strong></span> 
     </span>
     <span class='ocr_line' id='line_1_31' title="bbox 431 4111 1567 4180; baseline 0 -16"><span class='ocrx_word' id='word_1_261' title='bbox 431 4133 471 4174; x_wconf 85' lang='grc' dir='ltr'><strong><em>τις</em></strong></span> <span class='ocrx_word' id='word_1_262' title='bbox 488 4115 568 4174; x_wconf 60' lang='grc' dir='ltr'><strong><em>ἄλλος</em></strong></span> <span class='ocrx_word' id='word_1_263' title='bbox 584 4119 669 4180; x_wconf 83' lang='grc' dir='ltr'><strong><em>τοφῦς,</em></strong></span> <span class='ocrx_word' id='word_1_264' title='bbox 686 4114 713 4165; x_wconf 81' lang='grc' dir='ltr'><strong>οῦ</strong></span> <span class='ocrx_word' id='word_1_265' title='bbox 731 4118 873 4178; x_wconf 79' lang='grc' dir='ltr'><strong><em>φιλοσοφεῖ.</em></strong></span> <span class='ocrx_word' id='word_1_266' title='bbox 891 4114 942 4165; x_wconf 72' lang='grc' dir='ltr'><strong>οὐδ’</strong></span> <span class='ocrx_word' id='word_1_267' title='bbox 960 4111 991 4163; x_wconf 74' lang='grc' dir='ltr'><strong>τοῦ</strong></span> <span class='ocrx_word' id='word_1_268' title='bbox 1010 4116 1036 4165; x_wconf 75' lang='grc' dir='ltr'><strong>οἱ</strong></span> <span class='ocrx_word' id='word_1_269' title='bbox 1047 4115 1151 4177; x_wconf 70' lang='grc' dir='ltr'><strong>ἀμαθεῖς</strong></span> <span class='ocrx_word' id='word_1_270' title='bbox 1166 4119 1346 4179; x_wconf 72' lang='grc' dir='ltr'><strong><em>φιλοσοφοῦσιν</em></strong></span> <span class='ocrx_word' id='word_1_271' title='bbox 1361 4115 1412 4166; x_wconf 72' lang='grc' dir='ltr'><strong>οὔδ’</strong></span> <span class='ocrx_word' id='word_1_272' title='bbox 1422 4119 1567 4178; x_wconf 74' lang='grc' dir='ltr'><strong><em>ἐπιθυμοῦσι</em></strong></span> 
     </span>
     <span class='ocr_line' id='line_1_32' title="bbox 430 4193 1569 4262; baseline 0.002 -16"><span class='ocrx_word' id='word_1_273' title='bbox 430 4197 504 4260; x_wconf 77' lang='grc' dir='ltr'><strong><em>σοφοῖ</em></strong></span> <span class='ocrx_word' id='word_1_274' title='bbox 524 4197 640 4261; x_wconf 69' lang='grc' dir='ltr'><strong>γενέσθαι</strong></span> <span class='ocrx_word' id='word_1_275' title='bbox 650 4237 655 4249; x_wconf 94' lang='grc'><em>.</em></span> <span class='ocrx_word' id='word_1_276' title='bbox 666 4236 672 4248; x_wconf 95' lang='grc'>.</span> <span class='ocrx_word' id='word_1_277' title='bbox 683 4236 705 4250; x_wconf 88' lang='grc'><strong>,.</strong></span> <span class='ocrx_word' id='word_1_278' title='bbox 730 4198 800 4256; x_wconf 83' lang='grc' dir='ltr'><strong><em>ΤΙνις</em></strong></span> <span class='ocrx_word' id='word_1_279' title='bbox 823 4193 872 4256; x_wconf 73' lang='grc' dir='ltr'><strong><em>οῦν,</em></strong></span> <span class='ocrx_word' id='word_1_280' title='bbox 889 4197 948 4260; x_wconf 73' lang='grc' dir='ltr'><strong><em>ῦφιιν</em></strong></span> <span class='ocrx_word' id='word_1_281' title='bbox 967 4197 1025 4261; x_wconf 75' lang='grc' dir='ltr'><strong>ἐγώ,</strong></span> <span class='ocrx_word' id='word_1_282' title='bbox 1041 4194 1058 4246; x_wconf 76' lang='grc' dir='ltr'><strong><em>ὦ</em></strong></span> <span class='ocrx_word' id='word_1_283' title='bbox 1075 4199 1195 4260; x_wconf 72' lang='grc' dir='ltr'><strong><em>Διοτίμα,</em></strong></span> <span class='ocrx_word' id='word_1_284' title='bbox 1212 4200 1238 4248; x_wconf 80' lang='lat' dir='ltr'><strong>o!</strong></span> <span class='ocrx_word' id='word_1_285' title='bbox 1249 4201 1453 4262; x_wconf 69' lang='grc' dir='ltr'><strong><em>φιλοσοφοῦντος,</em></strong></span> <span class='ocrx_word' id='word_1_286' title='bbox 1467 4199 1489 4248; x_wconf 77' lang='grc' dir='ltr'><strong>εἰ</strong></span> <span class='ocrx_word' id='word_1_287' title='bbox 1503 4198 1569 4260; x_wconf 70' lang='grc' dir='ltr'><strong><em>μήτε</em></strong></span> 
     </span>
     <span class='ocr_line' id='line_1_33' title="bbox 431 4278 1569 4346; baseline 0 -18"><span class='ocrx_word' id='word_1_288' title='bbox 431 4281 457 4328; x_wconf 81' lang='grc' dir='ltr'><strong>οἱ</strong></span> <span class='ocrx_word' id='word_1_289' title='bbox 471 4280 544 4343; x_wconf 71' lang='grc' dir='ltr'><strong><em>σοφοὶ</em></strong></span> <span class='ocrx_word' id='word_1_290' title='bbox 561 4279 626 4342; x_wconf 68' lang='grc' dir='ltr'><strong><em>μήτε</em></strong></span> <span class='ocrx_word' id='word_1_291' title='bbox 643 4281 669 4330; x_wconf 76' lang='grc' dir='ltr'><strong>οῦ</strong></span> <span class='ocrx_word' id='word_1_292' title='bbox 683 4279 801 4342; x_wconf 68' lang='grc' dir='ltr'><strong><em>ἄμοιῦιῖςς</em></strong></span> <span class='ocrx_word' id='word_1_293' title='bbox 825 4283 914 4337; x_wconf 72' lang='grc' dir='ltr'><strong><em>Δῆλον,</em></strong></span> <span class='ocrx_word' id='word_1_294' title='bbox 937 4278 992 4343; x_wconf 60' lang='lat' dir='ltr'><strong>ion.</strong></span> <span class='ocrx_word' id='word_1_295' title='bbox 1010 4282 1088 4330; x_wconf 76' lang='grc' dir='ltr'><strong><em>τοῦτό</em></strong></span> <span class='ocrx_word' id='word_1_296' title='bbox 1105 4297 1136 4344; x_wconf 80' lang='grc' dir='ltr'><strong>γε</strong></span> <span class='ocrx_word' id='word_1_297' title='bbox 1155 4278 1199 4338; x_wconf 64' lang='lat' dir='ltr'><strong>tin</strong></span> <span class='ocrx_word' id='word_1_298' title='bbox 1219 4280 1260 4329; x_wconf 73' lang='lat' dir='ltr'><strong>nai</strong></span> <span class='ocrx_word' id='word_1_299' title='bbox 1278 4279 1357 4338; x_wconf 73' lang='grc' dir='ltr'><strong><em>παιδί,</em></strong></span> <span class='ocrx_word' id='word_1_300' title='bbox 1374 4281 1413 4330; x_wconf 78' lang='grc' dir='ltr'><strong><em>ῦτι</em></strong></span> <span class='ocrx_word' id='word_1_301' title='bbox 1431 4282 1457 4330; x_wconf 78' lang='grc' dir='ltr'><strong>οἱ</strong></span> <span class='ocrx_word' id='word_1_302' title='bbox 1471 4282 1569 4346; x_wconf 77' lang='grc' dir='ltr'><strong><em>μεταξὺ</em></strong></span> 
     </span>
     <span class='ocr_line' id='line_1_34' title="bbox 431 4357 1569 4426; baseline 0.002 -17"><span class='ocrx_word' id='word_1_303' title='bbox 431 4360 526 4412; x_wconf 73' lang='grc' dir='ltr'><strong><em>τούτων</em></strong></span> <span class='ocrx_word' id='word_1_304' title='bbox 548 4361 704 4424; x_wconf 74' lang='grc' dir='ltr'><strong><em>ἀμφοτέρων,</em></strong></span> <span class='ocrx_word' id='word_1_305' title='bbox 727 4357 758 4410; x_wconf 71' lang='grc' dir='ltr'><strong>ἦν</strong></span> <span class='ocrx_word' id='word_1_306' title='bbox 780 4357 812 4412; x_wconf 69' lang='grc' dir='ltr'><strong>αὖ</strong></span> <span class='ocrx_word' id='word_1_307' title='bbox 837 4361 879 4411; x_wconf 71' lang='grc' dir='ltr'><strong>καὶ</strong></span> <span class='ocrx_word' id='word_1_308' title='bbox 898 4363 911 4410; x_wconf 78' lang='grc' dir='ltr'><strong><em>ὁ</em></strong></span> <span class='ocrx_word' id='word_1_309' title='bbox 929 4362 1013 4423; x_wconf 74' lang='grc' dir='ltr'><strong><em>Ἔρως.</em></strong></span> <span class='ocrx_word' id='word_1_310' title='bbox 1030 4361 1088 4411; x_wconf 74' lang='grc' dir='ltr'><strong><em>’ἐστι</em></strong></span> <span class='ocrx_word' id='word_1_311' title='bbox 1106 4365 1154 4425; x_wconf 73' lang='grc' dir='ltr'><strong>γὰρ</strong></span> <span class='ocrx_word' id='word_1_312' title='bbox 1174 4360 1202 4419; x_wconf 66' lang='grc' dir='ltr'><strong>δὴ</strong></span> <span class='ocrx_word' id='word_1_313' title='bbox 1222 4368 1270 4411; x_wconf 72' lang='grc' dir='ltr'><strong><em>τῶν</em></strong></span> <span class='ocrx_word' id='word_1_314' title='bbox 1288 4363 1433 4412; x_wconf 72' lang='grc' dir='ltr'><strong><em>καλλΙστιιιν</em></strong></span> <span class='ocrx_word' id='word_1_315' title='bbox 1452 4362 1465 4418; x_wconf 72' lang='grc' dir='ltr'>ἡ</span> <span class='ocrx_word' id='word_1_316' title='bbox 1484 4364 1569 4426; x_wconf 72' lang='grc' dir='ltr'><strong><em>σοφία,</em></strong></span> 
     </span>
     <span class='ocr_line' id='line_1_35' title="bbox 431 4441 1569 4509; baseline 0.001 -17"><span class='ocrx_word' id='word_1_317' title='bbox 431 4443 508 4505; x_wconf 74' lang='grc' dir='ltr'><strong><em>Ἔρως</em></strong></span> <span class='ocrx_word' id='word_1_318' title='bbox 532 4441 625 4493; x_wconf 72' lang='grc' dir='ltr'><strong><em>δ’ἐστὶν</em></strong></span> <span class='ocrx_word' id='word_1_319' title='bbox 648 4442 707 4506; x_wconf 77' lang='grc' dir='ltr'><strong><em>’έριιις</em></strong></span> <span class='ocrx_word' id='word_1_320' title='bbox 729 4443 786 4507; x_wconf 73' lang='grc' dir='ltr'><strong>περὶ</strong></span> <span class='ocrx_word' id='word_1_321' title='bbox 808 4445 838 4493; x_wconf 75' lang='grc' dir='ltr'><strong><em>τὸ</em></strong></span> <span class='ocrx_word' id='word_1_322' title='bbox 862 4446 946 4500; x_wconf 73' lang='grc' dir='ltr'><strong><em>καλόν,</em></strong></span> <span class='ocrx_word' id='word_1_323' title='bbox 970 4442 1037 4493; x_wconf 68' lang='lat' dir='ltr'><strong>biert</strong></span> <span class='ocrx_word' id='word_1_324' title='bbox 1058 4443 1195 4506; x_wconf 74' lang='grc' dir='ltr'><strong><em>ἀναγκαῖον</em></strong></span> <span class='ocrx_word' id='word_1_325' title='bbox 1217 4443 1316 4506; x_wconf 77' lang='grc' dir='ltr'><strong><em>’Ἔρωτα</em></strong></span> <span class='ocrx_word' id='word_1_326' title='bbox 1339 4447 1476 4509; x_wconf 78' lang='grc' dir='ltr'><strong><em>φιλόσοφον</em></strong></span> <span class='ocrx_word' id='word_1_327' title='bbox 1499 4442 1569 4502; x_wconf 73' lang='grc' dir='ltr'><strong><em>εἶναι,</em></strong></span> 
     </span>
     <span class='ocr_line' id='line_1_36' title="bbox 431 4521 1172 4590; baseline 0 -15"><span class='ocrx_word' id='word_1_328' title='bbox 431 4527 567 4589; x_wconf 78' lang='grc' dir='ltr'><strong><em>φιλόσοφον</em></strong></span> <span class='ocrx_word' id='word_1_329' title='bbox 586 4524 612 4574; x_wconf 72' lang='grc' dir='ltr'><strong>δὲ</strong></span> <span class='ocrx_word' id='word_1_330' title='bbox 628 4525 690 4575; x_wconf 71' lang='lat' dir='ltr'><strong>&#39;trra</strong></span> <span class='ocrx_word' id='word_1_331' title='bbox 707 4527 806 4590; x_wconf 76' lang='grc' dir='ltr'><strong><em>μεταξὺ</em></strong></span> <span class='ocrx_word' id='word_1_332' title='bbox 823 4521 884 4574; x_wconf 66' lang='grc' dir='ltr'><strong><em>εἶναι</em></strong></span> <span class='ocrx_word' id='word_1_333' title='bbox 902 4528 980 4587; x_wconf 83' lang='grc' dir='ltr'><strong><em>σοφοῦ</em></strong></span> <span class='ocrx_word' id='word_1_334' title='bbox 997 4525 1039 4574; x_wconf 72' lang='grc' dir='ltr'><strong><em>νοσοῖ</em></strong></span> <span class='ocrx_word' id='word_1_335' title='bbox 1055 4525 1172 4586; x_wconf 67' lang='grc' dir='ltr'><strong><em>ἀμαθοῦς.</em></strong></span> 
     </span>
    </p>

    <p class='ocr_par' dir='ltr' id='par_1_10' title="bbox 433 4605 1566 4763">
     <span class='ocr_line' id='line_1_37' title="bbox 477 4605 1566 4678; baseline 0.002 -19"><span class='ocrx_word' id='word_1_336' title='bbox 477 4610 505 4678; x_wconf 81' lang='lat'><strong>2)</strong></span> <span class='ocrx_word' id='word_1_337' title='bbox 524 4607 550 4656; x_wconf 79' lang='lat' dir='ltr'><strong>ol</strong></span> <span class='ocrx_word' id='word_1_338' title='bbox 571 4605 598 4656; x_wconf 66' lang='grc' dir='ltr'><strong>δὲ</strong></span> <span class='ocrx_word' id='word_1_339' title='bbox 619 4610 659 4656; x_wconf 90' lang='grc' dir='ltr'><strong>νῦν</strong></span> <span class='ocrx_word' id='word_1_340' title='bbox 680 4612 730 4655; x_wconf 80' lang='grc' dir='ltr'><strong><em>τῦν</em></strong></span> <span class='ocrx_word' id='word_1_341' title='bbox 748 4605 875 4669; x_wconf 69' lang='grc' dir='ltr'><strong><em>ἀνθρώπων</em></strong></span> <span class='ocrx_word' id='word_1_342' title='bbox 897 4608 978 4670; x_wconf 76' lang='grc' dir='ltr'><strong><em>σοφοί,</em></strong></span> <span class='ocrx_word' id='word_1_343' title='bbox 993 4610 1089 4675; x_wconf 87' lang='lat' dir='ltr'><strong>quibus</strong></span> <span class='ocrx_word' id='word_1_344' title='bbox 1103 4610 1190 4660; x_wconf 85' lang='lat' dir='ltr'><strong>verbis</strong></span> <span class='ocrx_word' id='word_1_345' title='bbox 1205 4610 1566 4677; x_wconf 75' lang='lat' dir='ltr'><strong>Eleatassignificariindieat</strong></span> 
     </span>
     <span class='ocr_line' id='line_1_38' title="bbox 433 4696 1178 4763; baseline 0 -18"><span class='ocrx_word' id='word_1_346' title='bbox 433 4697 577 4747; x_wconf 69' lang='lat' dir='ltr'>HERMANN</span> <span class='ocrx_word' id='word_1_347' title='bbox 597 4696 649 4747; x_wconf 88' lang='lat' dir='ltr'><strong>o.l.</strong></span> <span class='ocrx_word' id='word_1_348' title='bbox 668 4713 728 4762; x_wconf 74' lang='lat' dir='ltr'><strong>pag,</strong></span> <span class='ocrx_word' id='word_1_349' title='bbox 748 4709 809 4763; x_wconf 80' lang='lat'><strong>242,</strong></span> <span class='ocrx_word' id='word_1_350' title='bbox 829 4696 862 4746; x_wconf 82' lang='lat' dir='ltr'><strong>ci.</strong></span> <span class='ocrx_word' id='word_1_351' title='bbox 881 4713 941 4762; x_wconf 79' lang='lat' dir='ltr'><strong>pag.</strong></span> <span class='ocrx_word' id='word_1_352' title='bbox 962 4697 1022 4762; x_wconf 81' lang='lat'><strong>326,</strong></span> <span class='ocrx_word' id='word_1_353' title='bbox 1039 4697 1099 4746; x_wconf 74' lang='lat' dir='ltr'>adn,</span> <span class='ocrx_word' id='word_1_354' title='bbox 1119 4697 1178 4760; x_wconf 83' lang='lat'>306.</span> 
     </span>
    </p>
   </div>
   <div class='ocr_carea' id='block_1_5' title="bbox 0 0 1866 5576">
    <p class='ocr_par' dir='ltr' id='par_1_11' title="bbox 0 0 1866 5576">
     <span class='ocr_line' id='line_1_39' title="bbox 0 0 1866 5576; baseline 0 1"><span class='ocrx_word' id='word_1_355' title='bbox 0 0 1866 5576; x_wconf 95' lang='lat' dir='ltr'><strong> </strong></span> 
     </span>
    </p>
   </div>
  </div>
 </body>
</html>
