3654 5564
786 721 835 788 99

243 897 279 972 ἐκ
314 892 382 999 γάρ
416 905 473 974 τοῦ
509 897 678 999 ὁμοδοξεῖν
706 909 749 998 τῷ
777 893 903 996 σίιματι
932 899 989 971 καὶ
1016 903 1082 986 τοῖς
1111 891 1220 987 αὐτοῖς
1246 899 1371 999 χαίρειν

246 1015 481 1121 άναγκάζεται,
519 1017 624 1121 οἶμαι,
661 1016 836 1120 ἑμίτροπίς
863 1047 895 1093 τε
922 1020 979 1094 καί
1009 1015 1183 1122 ὁμότροφος
1210 1022 1378 1120 γίγνεσθαι

246 1143 305 1217 καί
340 1151 394 1219 οία
421 1142 581 1244 μηδέποτε
610 1145 653 1232 είς
676 1135 788 1217 Ἀιδου
820 1145 971 1244 καθαρῶς
999 1138 1179 1241 ἀφικέσθαι,
1209 1135 1298 1217 άλλδι
1327 1139 1377 1218 αἐί

246 1271 302 1340 τοῦ
329 1261 480 1367 σώματος
508 1261 658 1341 άναπλέα
686 1262 813 1355 ἐξιέναι,
842 1261 919 1339 ὣστε
946 1258 1034 1366 ταχὺ
1062 1261 1160 1339 πάλιν
1188 1268 1306 1339 πίπτειν
1335 1267 1378 1354 είς

249 1382 332 1462 άλλο
362 1401 460 1489 σῶμα
487 1387 546 1462 καί
575 1383 678 1486 ὥσπερ
705 1383 892 1488 σπειρομένη
917 1381 1102 1486 έμρῦεσθαι,
1126 1387 1185 1462 καί
1209 1386 1244 1460 ἐκ
1257 1380 1377 1461 τοῦτον

249 1504 382 1612 άμοιρος
411 1505 490 1584 εἶναι
519 1521 576 1598 τῆς
601 1516 658 1584 τοῦ
688 1511 768 1584 θειόυ
796 1537 828 1582 τε
857 1508 916 1582 καί
942 1511 1088 1610 καθαροῦ
1111 1510 1172 1584 καί
1191 1509 1378 1609 μονοειδοῦς

247 1636 419 1722 συνουσίας
428 1626 475 1726 l):
505 1630 631 1726 itaque
655 1627 837 1702 malorum
860 1628 1006 1701 animus
1029 1628 1077 1701 ad
1097 1626 1218 1702 locum
1234 1655 1256 1703 a
1271 1627 1377 1701 malis

246 1778 405 1826 vacuum
444 1777 517 1826 non
556 1752 760 1849 perveniet,
791 1751 859 1823 sed
888 1748 1008 1823 malus
1035 1776 1184 1848 semper
1211 1751 1245 1824 in
1272 1749 1377 1824 malis

246 1875 475 1966 versabitur3
505 1874 541 1947 id
565 1873 669 1970 quod
693 1897 838 1946 summa
861 1872 1049 1969 gravitate
1072 1873 1159 1946 dicit
1182 1872 1376 1946 Sockffls

246 1996 404 2071 Theaet.
438 2003 509 2090 176
526 1997 562 2068 D
588 2021 670 2092 sqq.
694 1992 807 2092 paulo
830 2009 986 2092 postea
1010 2019 1107 2092 quae
1126 2021 1238 2092 supra
1251 1975 1378 2068 laudo·

246 2119 387 2192 vimus:
413 2121 539 2196 λεκτέον
563 2103 621 2195 οῦν
635 2117 784 2209 τάληθές,
799 2117 845 2194 ὅτι
859 2113 996 2220 τοσοῦτῳ
1010 2105 1141 2220 μᾶλλόν
1157 2122 1230 2195 εἰσιν
1246 2114 1304 2194 οἷοι
1318 2115 1376 2194 οῦκ

247 2253 367 2320 οἴονται
394 2239 453 2342 [sc.
480 2245 509 2318 οί
533 2240 719 2330 ἀδικοῦντες
743 2242 802 2316 καί
823 2237 940 2317 α’νῦσια
964 2246 1108 2343 λέγοντες
1129 2236 1377 2344 θπράττοντες],

247 2365 292 2441 ἔτι
318 2361 395 2467 οὐχί
417 2373 557 2440 οἴονται·
583 2360 735 2464 άγνοοῦσι
758 2356 824 2463 γάρ
848 2365 971 2462 ζημίαν
994 2360 1140 2452 άδικίας,
1165 2361 1249 2438 idei
1259 2358 1378 2446 ἥκιστα

247 2485 395 2589 άγνοεῖν.
428 2482 464 2562 οῦ
492 2483 557 2589 γάρ
584 2486 665 2560 ἐστιν
694 2475 733 2565 iv
761 2485 906 2572 δοκοῦσι,
935 2488 1063 2584 πληγαί
1088 2514 1120 2559 τε
1147 2485 1207 2559 καί
1232 2480 1377 2572 θάνατοι,

249 2603 293 2685 ὧν
331 2609 425 2685 ἐνίοτε
462 2607 642 2710 πάσχουσιν
679 2600 771 2681 οῦδὲν
800 2603 999 2696 άδικοῦντες,
1028 2600 1118 2681 άλλά
1147 2598 1187 2688 δν
1215 2601 1378 2682 άδῦνατον

248 2733 405 2832 ἐκφυγεῖν.
429 2727 681 2800 THEAETETUS
701 2741 825 2798 autem
841 2741 1042 2821 postquam
1057 2726 1218 2823 rogavit,
1232 2726 1379 2823 qualem

248 2876 410 2948 poenam
434 2850 584 2938 diceret,
610 2864 687 2921 tum
707 2873 799 2921 vero
816 2847 1008 2920 Socmss
1023 2849 1282 2946 gravissimum
1298 2873 1381 2945 pro·

249 2974 318 3048 sert
341 2973 429 3046 illud
452 2973 635 3061 iudicium,
660 2996 706 3044 ex
730 2995 806 3067 quo
826 2995 939 3066 quam
953 2971 1118 3044 sublimis
1133 2972 1179 3045 sit
1194 2971 1381 3044 PLAToms

250 3094 497 3194 philosophia,
521 3091 679 3168 dilucide
702 3107 871 3189 apparet:
893 3091 1188 3197 Παραδειγμάτων,
1208 3083 1331 3195 ῦφίλε,
1347 3095 1378 3169 ἐν

248 3208 291 3321 tc}
315 3219 381 3295 ’σ’ντι
405 3215 560 3306 ἑστώτων,
584 3223 640 3292 τοῦ
662 3213 722 3318 μὲν
747 3219 828 3292 θείου
848 3211 1147 3316 εὐδαιμονεστάτου,
1163 3213 1268 3292 τοῦδέ
1283 3214 1377 3292 άθέου

251 3337 464 3430 α’θλιωτάτου,
493 3336 556 3442 οὐχ
583 3346 713 3442 ὁρῶντες
741 3335 786 3413 ἔτι
815 3332 915 3427 οῦτως
943 3333 1020 3440 ἔχει,
1045 3337 1104 3413 ὑπὸ
1128 3336 1326 3428 ηλιθιίτητθς
1348 3368 1380 3413 τε

253 3465 312 3540 καί
348 3476 407 3553 τῆς
444 3459 585 3565 ἐσχάτης
621 3458 733 3549 άνοίας
769 3455 964 3536 λανθάνουσι
1000 3473 1043 3560 τῲ
1080 3455 1139 3561 μὲν
1178 3459 1380 3562 ἑμοιοῦμενοι

252 3581 308 3662 διά
337 3580 396 3676 τάς
420 3581 555 3674 άδίκους
578 3579 718 3687 πράξεις,
743 3595 787 3687 τῷ
810 3579 847 3657 δὲ
872 3576 1129 3683 άνομοιοῦμενοι.
1153 3568 1189 3656 οῦ
1205 3582 1246 3666 δι’,
1263 3589 1380 3660 τίνουσι

251 3711 346 3796 δίκην
384 3718 498 3801 ζωντες
524 3706 578 3781 τὸν
606 3704 714 3780 είκίτα
741 3708 813 3807 βίον
840 3697 865 3804 ᾧ
896 3709 1101 3804 ὁμοιοῦνται·
1130 3697 1185 3779 ε’διν
1215 3699 1380 3806 δἐίπωμεν

253 3829 312 3920 ίτι,
346 3827 387 3906 άν
416 3828 463 3930 μὴ
493 3828 711 3928 άπαλλαγιισι
737 3837 795 3914 τῆς
825 3823 1014 3914 δεινότητος,
1045 3826 1101 3901 καί
1129 3827 1382 3917 τελευτήσαντας

255 3949 372 4043 αῦτοῦς
400 3954 516 4040 ἐκεῖνος
543 3947 602 4051 μὲν
631 3955 649 4023 ὁ
676 3963 738 4023 τῶν
766 3963 879 4023 κακον
904 3947 1049 4050 καθαράς
1070 3947 1165 4038 τόπος
1189 3942 1226 4022 οῦ
1242 3950 1381 4040 δέξεται,

253 4073 366 4152 ἐνθάδε
402 4071 438 4149 δὲ
473 4071 533 4157 τὴν
567 4071 675 4160 αῦτοῖς
705 4067 881 4157 ὁμοιότητα
908 4082 965 4159 τῆς
994 4071 1163 4172 διαγωγῆς
1191 4067 1238 4148 άεί
1266 4066 1382 4164 ἕξουσι,

253 4197 351 4273 κακοὶ
381 4203 496 4284 κακοῖς
525 4191 683 4282 συνέντες,
714 4199 816 4267 ταῦτα
843 4188 886 4276 δὴ
912 4192 968 4267 καὶ
992 4187 1196 4268 παντάπασιν
1219 4195 1263 4282 ὡς
1286 4195 1383 4270 δεινοί

254 4321 311 4397 καὶ
340 4325 514 4420 πανοῦργοι
542 4314 688 4399 άνοάτωυ
716 4327 809 4389 τινον
838 4308 1084 4408 άκοῦσονται.”)

254 4478 449 4490 ——--—-·—

301 4578 326 4645 ι)
345 4577 477 4627 Phaedon.
495 4573 564 4638 831>
584 4587 643 4637 sqq.

299 4667 327 4732 2)
346 4666 386 4714 lta
409 4663 487 4714 etiam
511 4663 539 4711 in
564 4658 722 4725 Epinomide
749 4685 783 4694 —
808 4656 840 4705 de
865 4671 918 4721 quo
944 4657 1050 4722 dialogo
1071 4659 1131 4709 vide
1150 4659 1217 4709 inira
1235 4687 1270 4697 -
1289 4661 1386 4724 992C:

251 4749 265 4800 ὃ
287 4748 316 4799 δὲ
339 4749 398 4798 κατ’
423 4745 505 4810 ἀρχάς
528 4762 558 4794 τε
576 4741 707 4806 ἐλέγομεν,
723 4741 764 4790 καί
783 4743 821 4788 νῦν
839 4738 915 4798 αὐτὸς
932 4740 1039 4802 πάρεστι
1057 4746 1132 4806 Λόγος
1150 4743 1241 4802 ἀκηδὴς
1257 4742 1341 4803 ὅπως,
1358 4745 1389 4804 ⁰5⁶
