3724 5576
986 679 1034 730 20

442 865 507 924 aut
527 850 651 941 etiam,
671 875 753 923 cum
777 849 954 948 plurimos
979 850 1273 949 clarissimosque
1296 849 1469 950 dialogos
1486 854 1570 927 scri·

443 972 576 1068 psisset
604 972 741 1063 Pano,
770 970 829 1045 alii
854 998 1005 1071 quoque
1036 973 1162 1048 incerti
1189 972 1340 1046 alicuius
1367 971 1428 1048 vel
1452 975 1568 1073 ignoti

441 1094 601 1168 auctoris
624 1093 763 1193 dialogi
785 1095 950 1168 eiusdem
974 1097 1122 1194 generis
1141 1110 1275 1194 sponte
1289 1096 1372 1170 huic
1386 1097 1568 1172 adscribe·

441 1217 588 1291 bantur.

495 1339 570 1414 Sed
606 1366 689 1414 cum
718 1340 765 1414 de
793 1340 931 1414 haere
959 1337 1070 1437 plane
1099 1340 1334 1416 consentiant
1360 1339 1427 1415 viri
1455 1341 1567 1435 docti,

442 1487 581 1560 magna
604 1463 775 1560 quaestio
789 1478 856 1553 est,
872 1463 942 1560 qui
952 1463 1099 1561 dialogi
1109 1464 1290 1538 subditiva·
1300 1465 1381 1538 sint
1393 1465 1572 1554 habendi,-

440 1584 476 1657 in
519 1610 594 1681 qua
634 1585 747 1658 etiam
789 1600 875 1682 post
917 1583 1162 1660 Uannnwaon
1201 1583 1332 1684 opus¹)
1369 1586 1430 1660 alii
1467 1584 1573 1662 aliter

441 1703 643 1805 censent')
669 1708 838 1802 Quorum
861 1707 985 1780 varias
1004 1706 1217 1805 singillatim
1235 1709 1444 1806 ponderare
1459 1710 1572 1807 opini-

442 1854 545 1918 ones,
574 1854 642 1904 nec
670 1827 853 1904 facultatis
881 1855 989 1903 meae
1018 1855 1086 1904 nec
1113 1830 1220 1905 huius
1248 1831 1371 1929 operis
1394 1847 1462 1906 est.

496 1950 578 2025 Nec
606 1951 794 2049 disputare
821 1949 911 2026 libet
938 1953 986 2026 de
1014 1952 1129 2050 signis
1156 1953 1339 2050 notisque,
1365 1954 1498 2052 quibus
1520 1953 1568 2028 de

441 2071 676 2173 dialogorum
701 2073 774 2148 fide
798 2073 1038 2147 iudicaverint
1061 2074 1128 2148 viri
1150 2075 1259 2166 docti,
1271 2071 1298 2173 ³)
1322 2092 1386 2150 aut
1401 2101 1423 2149 a
1438 2077 1570 2173 quibus

441 2199 579 2273 normis
606 2198 730 2272 critica
758 2221 818 2271 ars
845 2211 945 2271 recte
972 2197 1140 2271 adhibita
1168 2198 1348 2295 proficisci
1372 2197 1510 2274 debeat
1533 2199 1569 2272 in

441 2323 511 2396 hac
538 2347 590 2412 re,
619 2319 842 2393 examinare.
854 2317 881 2416 ⁴)
910 2319 1006 2392 Cum
1030 2317 1266 2393 nihilominus
1286 2345 1381 2419 quos
1395 2319 1569 2419 dialogos

440 2445 511 2518 hac
538 2444 573 2516 in
599 2442 818 2539 quaestione
842 2467 910 2538 pro
934 2441 1065 2538 spuriis
1089 2442 1280 2516 habiturus
1303 2443 1384 2534 sim,
1409 2443 1570 2518 indicare

442 2590 594 2640 necesse
606 2565 675 2654 sit,
702 2563 916 2637 Hannsruu
939 2589 1077 2661 sequar
1096 2564 1266 2657 indicem,
1282 2591 1394 2663 quem
1409 2565 1446 2638 in
1461 2581 1569 2640 sexto

445 2761 630 2775 nn-—u-

441 2889 482 2938 De
507 2887 564 2937 titel
588 2901 640 2938 van
663 2901 713 2936 een
736 2885 805 2936 boels
829 2885 889 2935 toch
912 2885 983 2936 werd
1006 2884 1098 2935 buiten
1117 2900 1166 2936 aan
1185 2885 1218 2936 de
1238 2885 1277 2936 rol
1295 2885 1468 2952 aangebracht
1487 2903 1519 2938 en
1538 2887 1571 2938 de

441 2989 518 3024 naam
535 2989 585 3023 van
604 2973 655 3024 den
673 2972 798 3037 sehrijver
820 2971 904 3023 lenam
923 2971 1023 3038 selden,
1042 2971 1152 3022 behalve
1170 2972 1206 3036 bij
1225 2972 1471 3038 hutofieschrijvers
1490 2989 1524 3024 en
1543 2974 1570 3024 in

440 3060 557 3126 brieven,
571 3060 598 3109 in
614 3059 660 3110 het
674 3059 744 3110 werk
759 3058 812 3109 zeli
824 3073 895 3108 voor.
912 3057 964 3124 [Cf.
982 3058 1058 3108 huius
1074 3059 1161 3124 operis
1176 3074 1237 3125 pag.
1253 3072 1287 3110 22
1297 3060 1356 3110 adn.
1368 3059 1404 3127 2].
1414 3061 1455 3110 En
1465 3061 1526 3110 daur
1535 3077 1571 3110 nu

440 3146 511 3198 ieder
529 3145 607 3212 boek,
625 3145 677 3196 oola
697 3145 735 3196 als
753 3144 896 3196 onderdeel
915 3161 965 3194 van
984 3159 1033 3194 een
1052 3144 1144 3210 geheel
1163 3145 1241 3212 weris,
1260 3161 1309 3196 een
1326 3145 1513 3211 aisonderlijke
1531 3146 1570 3198 rol

441 3233 547 3283 vormde
562 3248 596 3283 en
610 3233 658 3282 dus
673 3247 723 3282 een
738 3230 941 3296 aizonderlijlren
952 3231 1009 3281 titel
1018 3239 1101 3281 moest
1111 3231 1225 3298 hebben,
1233 3231 1285 3298 die,
1295 3231 1382 3282 omdat
1391 3233 1427 3297 hij
1438 3248 1465 3282 er
1474 3233 1570 3284 slechts

442 3335 492 3370 van
513 3320 604 3369 buiten
629 3318 790 3383 sangeheeht
809 3334 870 3384 was,
888 3316 953 3368 licht
971 3317 1026 3367 kon
1044 3317 1157 3368 aivallen
1173 3333 1206 3368 en
1226 3318 1289 3368 zoek
1307 3319 1397 3385 raken,
1414 3320 1436 3370 is
1455 3319 1500 3370 het
1518 3321 1574 3370 niet

440 3413 467 3456 te
491 3405 686 3472 verwonderen‚
710 3404 755 3456 dat
779 3405 868 3469 menig
892 3404 962 3454 boels
984 3404 1080 3455 zonder
1099 3404 1157 3455 titel
1175 3405 1358 3456 ronddwaalde
1377 3406 1407 3456 oi
1421 3407 1488 3458 later
1511 3423 1573 3457 naar

440 3493 540 3558 gissing
563 3507 612 3543 een
636 3491 795 3542 verleeerden
821 3490 879 3542 titel
902 3490 982 3556 lereeg
1008 3490 1060 3558 [Cf.
1086 3491 1324 3542 Patiar-wtssowa
1348 3492 1365 3544 i.
1381 3508 1406 3542 v.
1431 3493 1504 3543 Buch
1522 3495 1571 3560 111,

440 3580 490 3632 col.
511 3590 571 3646 959,
589 3594 628 3628 vs.
648 3576 772 3644 3osqq.].
797 3577 903 3642 Daarbij
929 3576 1002 3627 komt
1027 3576 1078 3626 dan
1103 3593 1164 3643 nog,
1188 3577 1243 3642 dat,
1267 3585 1327 3629 toen
1346 3578 1411 3628 later
1428 3578 1461 3628 de
1479 3580 1573 3630 codex·

440 3682 514 3716 vorm
538 3666 566 3716 in
591 3680 681 3730 evang
704 3664 798 3728 lenam,
822 3663 877 3714 niet
902 3663 994 3714 selden
1012 3663 1202 3714 verschillende
1220 3664 1323 3715 boeken
1341 3665 1369 3715 in
1389 3681 1472 3717 eenen
1490 3666 1572 3717 codex

440 3751 585 3803 verzsmeld
602 3751 706 3802 werden
726 3765 759 3800 en
777 3749 869 3800 allicht
885 3749 969 3800 onder
985 3765 1034 3800 een
1053 3749 1155 3800 aelideu
1173 3749 1232 3800 titel
1250 3751 1395 3804 kwamen.'’

489 3839 514 3906 ι)
533 3838 767 3902 Untersuchungen
786 3851 846 3902 sqq.

485 3925 514 3992 a)
532 3925 563 3975 ln
589 3925 675 3974 animo
698 3922 778 3974 habui
801 3922 852 3973 hoc
876 3922 936 3973 loeo
960 3923 1062 3974 adicere
1085 3923 1200 3974 tabulam
1224 3940 1277 3989 qua
1300 3925 1487 3991 significaretur
1505 3941 1572 3993 quse

441 4027 521 4077 opera
538 4029 554 4061 a
571 4012 667 4076 quibus
691 4010 753 4060 viris
777 4009 862 4059 doctis
885 4010 919 4059 ab
944 4010 1002 4074 ipso
1028 4009 1135 4060 Platone
1154 4011 1251 4076 scripta
1269 4027 1324 4062 esse
1341 4011 1507 4062 haberentur.
1527 4013 1573 4063 At-

441 4106 528 4150 tamen
554 4097 676 4164 perspexi
699 4097 749 4146 hoe
774 4095 828 4145 fieri
852 4111 907 4145 non
933 4111 1019 4162 posse,
1043 4111 1100 4146 cum
1125 4096 1200 4146 multi
1225 4097 1272 4162 qui
1298 4097 1330 4148 de
1353 4098 1402 4148 hae
1420 4099 1573 4166 quaestione

440 4185 597 4250 scripserant
623 4185 657 4233 de
685 4181 840 4248 quibusdam
867 4180 977 4247 dialogis
1009 4182 1134 4232 iudicium
1166 4183 1302 4250 tulissent,
1331 4184 1364 4234 de
1389 4186 1446 4235 aliis
1468 4201 1522 4236 rem
1544 4187 1573 4237 in

440 4273 527 4322 medio
551 4271 719 4337 reliquissent
743 4286 765 4320 e.
785 4285 810 4334 g.
836 4269 977 4318 Gontiana.
1003 4269 1124 4319 Ceterum
1147 4269 1285 4320 multorum
1307 4271 1442 4322 doctorum
1460 4274 1572 4324 virorum

441 4359 580 4424 opiniones
599 4357 727 4408 recensuit
745 4357 820 4404 Ηυιτ
836 4371 860 4404 o.
870 4355 888 4404 1.
908 4355 960 4405 vol.
980 4357 1015 4404 11.
1035 4371 1094 4421 pag.
1118 4367 1228 4420 1-319.

486 4446 514 4513 3)
533 4444 574 4495 Cf.
592 4445 709 4509 Zannsa,
727 4443 774 4492 Ph.
793 4442 820 4492 d.
841 4442 886 4492 Gr.
905 4443 941 4500 ΙΙ,
962 4442 997 4507 1⁴,
1016 4457 1094 4508 pagg.
1113 4453 1263 4506 471-474.

484 4531 513 4598 4)
532 4531 601 4582 Illud
619 4537 719 4580 tantum
737 4535 862 4579 annotare
880 4527 943 4576 mihi
958 4527 1046 4594 liceat,
1063 4543 1121 4577 mea
1139 4527 1245 4593 quidem
1264 4529 1399 4598 opinione,
1417 4532 1568 4597 praesertim

440 4635 499 4668 cum
515 4619 547 4668 de
565 4618 672 4668 Platone
691 4621 789 4682 agatur,
807 4614 834 4663 in
854 4613 1007 4678 separandis
1023 4614 1091 4664 veris
1106 4628 1136 4663 ac
1152 4614 1298 4665 subdititiis
1307 4618 1431 4683 operibus
1441 4634 1494 4668 non
1505 4619 1570 4668 mul·

441 4713 495 4755 turn
513 4703 678 4754 tribuendum
696 4717 752 4753 esse
770 4700 899 4751 variorum
916 4701 1078 4765 dialogorum
1097 4701 1165 4752 inter
1183 4717 1210 4752 se
1229 4701 1420 4769 discrepantiis.
