3724 5576
827 716 870 792 17

280 892 413 991 scriptis
435 895 589 969 eundem
613 895 872 968 Amsronnnnu
899 894 1022 968 iecisse
1045 912 1192 986 constat,
1204 892 1229 993 ¹)
1253 897 1413 995 prolecto

281 1014 392 1089 multo
426 1014 554 1089 facilius
591 1042 649 1090 res
678 1015 799 1091 confici
824 1033 966 1114 posset:
996 1017 1207 1116 investigare
1232 1019 1412 1091 Pnnuonns

279 1137 439 1210 iudicium
472 1163 564 1235 opus
590 1164 660 1213 non
688 1139 789 1229 foret,
818 1139 987 1236 quoniam
1015 1141 1132 1213 omnia
1158 1141 1207 1214 ita
1234 1157 1353 1215 essent
1378 1141 1413 1212 in

279 1275 460 1358 promptu,
487 1275 526 1334 ut
546 1261 604 1334 vix
625 1287 683 1335 res
704 1261 940 1359 disputatione
962 1278 1098 1360 egeret,
1123 1262 1240 1359 eique,
1257 1263 1317 1360 qui
1331 1262 1411 1334 mhi·

280 1379 429 1455 lominus
451 1382 567 1456 dicere
589 1382 635 1458 de
657 1409 702 1457 ea
724 1398 883 1482 cuperet,
905 1382 985 1456 nihil
1004 1381 1111 1481 lere¹)
1124 1399 1283 1475 restaret,
1299 1385 1360 1457 nisi
1374 1400 1413 1458 ut

283 1503 368 1600 quid
394 1503 440 1577 de
459 1503 519 1578 tali
539 1505 664 1580 iudicio
684 1523 780 1580 esset
798 1506 1025 1596 censendum,
1047 1507 1283 1583 consideraret
1300 1524 1413 1606 atque

280 1623 504 1723 expediret.⁸)

333 1747 394 1822 At
433 1774 532 1822 curn
573 1768 789 1826 neutrum
830 1779 989 1828 eornm
1030 1752 1201 1827 lecerit
1236 1751 1412 1850 Pnnn0,⁴)

279 1899 478 1914 ——n—

327 1980 353 2048 1)
373 1980 413 2031 Cl.
433 1980 545 2046 Cunrsr,
564 1981 609 2032 Gr.
629 1982 711 2032 Litt.¹
729 1997 789 2048 pag.
808 1995 870 2046 40¹·

325 2068 353 2134 2)
371 2068 412 2117 De
437 2069 611 2117 Amsnorntn
629 2067 678 2118 boc
698 2085 751 2120 non
771 2069 823 2119 nisi
841 2085 898 2120 cum
918 2085 998 2136 grano
1018 2069 1088 2134 selis,
1107 2075 1135 2119 ut
1154 2069 1236 2134 aiunt,
1255 2068 1307 2118 dici
1326 2083 1413 2134 posse,

281 2170 338 2204 cum
356 2155 378 2204 is
396 2154 424 2204 in
443 2154 501 2204 aliis
520 2169 626 2220 quoque
645 2155 768 2220 operibus
787 2155 819 2206 de
835 2156 1050 2207 antecedentibus
1066 2155 1233 2221 philosophis
1248 2155 1331 2220 egerit
1347 2170 1411 2203 non·

281 2241 352 2292 nullu
370 2241 551 2306 —imprimis
575 2241 602 2290 in
626 2240 700 2291 libris
725 2243 780 2306 ml
795 2243 884 2307 ψυχῆς
902 2243 1005 2309 scriptis
1023 2269 1059 2280 -
1077 2241 1130 2308 (Cl.
1147 2243 1270 2291 Boumn
1286 2241 1369 2291 Index
1385 2241 1411 2290 in

282 2327 363 2378 Acud.
388 2327 454 2392 Reg.
477 2327 537 2376 Bor.
562 2326 624 2377 edit.
649 2327 709 2376 Vol.
728 2327 764 2394 V)
789 2357 834 2394 -,
858 2329 880 2378 is
900 2329 945 2395 qui
965 2327 1148 2394 philosophiae
1170 2327 1293 2377 historiae
1314 2326 1413 2392 peritus

282 2414 351 2480 leget
368 2414 442 2479 baec,
460 2414 517 2480 ipse
535 2413 586 2464 ism
605 2414 748 2480 intelleget.

325 2500 353 2568 3)
371 2500 403 2551 ln
423 2501 619 2551 Anlsnomnu
637 2517 721 2567 nuper
739 2501 776 2552 its
794 2502 931 2568 inquisivit
949 2502 1043 2553 Enusn'
1061 2501 1133 2551 Cim.
1152 2501 1412 2566 HemanlstnNrt,

281 2589 332 2638 Die
356 2587 607 2654 Naturpbilosopbie
632 2603 679 2638 vor
699 2588 829 2656 Sokrutes,
847 2590 889 2638 in:
909 2589 1006 2640 Archiv
1026 2588 1067 2638 iilr
1085 2587 1242 2638 Gescbichte
1262 2586 1309 2636 der
1327 2587 1413 2637 Philo·

282 2675 374 2741 sophie
393 2675 443 2724 XV
462 2673 508 2742 (N.
528 2675 557 2724 F.
574 2673 662 2740 vlu),
679 2688 705 2740 2,
722 2675 769 2740 qui
785 2676 951 2726 Aristotelem
970 2671 1230 2741 pree-Socraticorum
1246 2673 1414 2739 philosophe·

281 2769 378 2812 matum
398 2775 524 2812 summam
542 2760 608 2810 male
624 2759 783 2812 intellexisse
800 2769 826 2812 et
841 2761 874 2812 erl
887 2761 970 2828 ipsius
988 2761 1020 2811 de
1036 2761 1129 2826 ἀρχαῖς
1144 2761 1278 2826 opinionis
1297 2775 1413 2810 normam

282 2849 430 2899 aestimasse
449 2855 531 2914 putet.
552 2847 592 2898 Cl.
611 2847 680 2897 Berl.
698 2847 766 2898 Phil.
784 2848 971 2898 Wocbenscbr.
991 2861 1032 2898 22.
1050 2848 1136 2916 Jnhrg.
1157 2848 1205 2898 N⁰.
1227 2859 1266 2911 13.

327 2936 356 3002 4)
375 2935 478 2986 Dixerit
496 2934 635 3000 quispim,
654 2934 705 2984 tale
724 2934 797 3000 quid,
815 2934 894 3000 quale
909 2935 991 2985 altero
1005 2934 1064 2984 loco
1079 2935 1250 2985 indicavimus
1265 2932 1312 3000 (sc.
1323 2933 1412 2984 unuin

285 3023 389 3088 dislogo
413 3021 497 3072 varies
515 3021 677 3086 superiorum
696 3020 828 3072 doctrines
846 3023 894 3071 sub
914 3037 966 3071 uno
986 3027 1092 3087 aspectu
1108 3019 1227 3092 ponere),
1239 3019 1331 3070 secisse
1347 3020 1412 3070 PLA-

284 3121 380 3160 nuuntt
398 3109 426 3158 in
445 3107 568 3174 Sophiste
586 3119 634 3170 241
648 3107 673 3156 D
683 3122 742 3174 sqq.
763 3107 803 3157 ct.
822 3107 874 3157 Cu.
890 3109 974 3173 Hurr,
989 3108 1028 3156 Lu
1042 3107 1084 3157 vie
1099 3114 1125 3156 et
1140 3105 1254 3156 l’oeuvre
1270 3105 1302 3154 de
1312 3105 1413 3155 Platon.

286 3197 320 3247 ll.
340 3196 419 3246 Paris.
438 3195 538 3245 Thurin
557 3201 582 3243 et
600 3193 640 3243 fils
661 3192 737 3260 1893,
757 3209 817 3259 peg.
837 3192 902 3244 286:
923 3196 981 3258 ,Au
1000 3194 1089 3243 milieu
1105 3193 1167 3242 d'un
1182 3193 1261 3242 debat
1278 3199 1413 3258 purement

286 3283 422 3348 theorique
436 3296 463 3331 se
479 3281 557 3347 glisse
576 3297 637 3330 une
656 3288 746 3331 sorte
766 3281 803 3331 de
824 3281 976 3331 revision
994 3281 1155 3347 generale
1173 3280 1231 3330 des
1249 3278 1414 3344 systemes

286 3370 478 3422 enterieurs
496 3377 522 3418 et
540 3383 606 3432 pour
623 3367 690 3416 ainsi
709 3368 764 3417 dire
784 3383 846 3418 une
870 3367 1014 3418 histoire
1040 3367 1185 3432 abregee
1211 3367 1249 3416 de
1267 3365 1299 3414 ls
1316 3365 1414 3414 meta-

287 3457 454 3523 physique
479 3469 626 3520 grecque
645 3462 746 3504 event
766 3453 930 3505 Socrate.”

331 3544 367 3593 Ar
381 3543 466 3608 primo
481 3542 538 3607 ipse
554 3541 629 3590 lium
641 3541 690 3590 boc
706 3557 721 3592 a
737 3541 852 3592 Platonis
862 3541 969 3606 eiusque
978 3541 1070 3590 aetatis
1079 3539 1267 3590 consuetudine
1276 3538 1413 3589 abhorrere

287 3637 375 3696 putet:
395 3629 516 3694 ,Devnnt
535 3627 559 3677 le
578 3627 688 3692 critique
702 3628 826 3678 moderne
840 3643 890 3678 une
905 3627 1002 3678 double
1018 3628 1141 3692 question
1157 3642 1184 3676 se
1194 3640 1272 3691 pose:
1283 3641 1325 3675 ces
1335 3638 1415 3690 peges

286 3715 509 3782 reponunt-elles
527 3713 635 3764 d'nbord
653 3731 703 3764 eux
721 3715 861 3764 tendances
880 3713 1099 3780 philosophiques
1112 3713 1146 3763 de
1162 3712 1264 3777 Platon,
1280 3718 1306 3762 et
1322 3710 1423 3760 ensuite

288 3806 303 3854 h
321 3821 362 3856 ses
381 3803 520 3854 bubitudes
537 3800 695 3852 d'tcrivain?
714 3803 781 3853 Pour
799 3817 826 3852 se
844 3802 1000 3852 convaincre
1020 3817 1071 3866 que
1086 3787 1114 3850 ie
1133 3799 1243 3864 disciple
1262 3799 1295 3848 de
1311 3797 1415 3848 Socrate

288 3891 349 3942 s'est
368 3890 442 3940 initie
460 3905 510 3940 eux
529 3888 704 3955 speculations
723 3888 756 3939 de
774 3905 814 3940 ses
832 3888 992 3953 devanciers,
1007 3887 1022 3936 ὲ
1038 3886 1126 3937 de'lnut
1142 3885 1255 3936 d'sutres
1270 3900 1379 3950 preuves
1396 3883 1414 3932 il

288 3978 394 4028 suffiruit
419 3977 535 4027 d'ouvrir
557 3975 583 4026 le
613 3973 732 4026 Tke'e'tite
756 3983 782 4026 et
804 3977 829 4026 le
853 3973 968 4026 Phidon.
989 3974 1074 4024 Meis
1092 3973 1117 4023 il
1137 3972 1209 4022 lant
1227 3970 1415 4022 descendre

285 4064 411 4130 jusqu'i
444 4063 602 4113 Aristote
636 4078 718 4128 pour
744 4063 817 4112 voir
844 4063 894 4112 les
921 4061 1064 4112 nnciens
1088 4058 1317 4126 pbilosopbes
1344 4059 1416 4108 enu-

288 4152 395 4202 mcres
414 4149 745 4216 methodiqnement,
764 4149 853 4198 leurs
872 4149 1061 4198 assertions
1077 4146 1312 4212 reproduites,
1327 4144 1417 4194 leurs

290 4237 514 4288 conclusions
537 4236 701 4302 adoptees
726 4251 764 4285 ou
788 4235 1009 4284 combattues.
1034 4233 1155 4283 Platon
1174 4248 1190 4281 a
1208 4239 1283 4297 trop
1302 4229 1418 4279 d'dlen

290 4335 322 4376 et
345 4324 614 4389 d'imuginntion
640 4337 723 4388 pour
741 4320 968 4372 s'estreindre
987 4321 1002 4369 h
1020 4319 1076 4368 des
1094 4318 1222 4368 silures
1241 4316 1333 4367 aussi
1352 4317 1419 4366 eru-

290 4411 398 4478 dites,
417 4417 443 4461 et
462 4425 509 4476 par
527 4409 552 4460 le
570 4409 707 4460 criticisme
726 4409 789 4458 dont
808 4407 871 4458 elles
890 4415 949 4457 sont
967 4407 1069 4472 pleines
1087 4421 1130 4455 ces
1148 4420 1228 4470 puges
1244 4403 1278 4452 du
1293 4403 1419 4468 Sophiste,

292 4497 351 4548 suus
373 4497 397 4547 le
417 4504 462 4546 ton
485 4495 576 4561 enjoue
596 4497 641 4562 qui
659 4512 675 4560 y
693 4495 782 4561 regne,
801 4495 949 4560 mppellent
969 4494 1004 4543 tel
1022 4493 1139 4558 chapitre
1157 4491 1219 4541 bien
1238 4505 1324 4540 connu
1343 4488 1376 4538 de
1394 4488 1420 4537 ln

292 4584 424 4650 Physique
445 4599 479 4633 ou
498 4582 530 4633 de
549 4584 575 4633 ls
591 4580 818 4648 Me'taplrysr'que.'’

334 4669 509 4721 Conseruntur
536 4669 705 4720 Commu
727 4669 815 4733 verbe,
840 4681 907 4733 quse
930 4667 1004 4717 affert
1028 4667 1103 4716 lium·
1126 4663 1198 4731 (pag.
1223 4662 1275 4714 28⁶
1299 4662 1359 4712 sdn.
1382 4661 1420 4728 1):

293 4756 364 4820 ,The
384 4757 545 4822 conception
561 4755 591 4806 ol
602 4755 726 4820 studying
741 4754 934 4820 pbilosopbicnl
948 4754 1020 4804 ideas
1035 4754 1063 4803 in
1073 4753 1116 4802 the
1125 4751 1193 4816 light
1202 4750 1232 4800 ol
1239 4749 1306 4800 their
1314 4749 1422 4813 history,
