3654 5564
931 629 1000 682 102

396 821 577 894 metuunt,
614 805 728 878 immo
764 830 857 878 vero
892 804 1044 902 cupiunt
1080 799 1222 899 eam¹):
1261 804 1363 878 bono
1399 805 1526 878 animo

397 952 563 1025 pugnam
587 927 734 1000 ineunt:
760 926 862 1004 καλὸν
886 920 951 1030 γὰρ
970 925 1005 1002 τὸ
1020 913 1122 1004 ἆθλον
1138 927 1195 1003 καὶ
1210 929 1230 1010 n‘
1247 927 1333 1017 eluet
1346 921 1528 1030 prpollnf)

452 1165 485 1236 3.
513 1140 656 1236 Quodsi
680 1165 772 1214 vero
796 1139 858 1237 qui
883 1137 1074 1236 perpensis
1101 1137 1157 1210 his
1180 1139 1352 1213 omnibus
1376 1165 1528 1237 prorsus

397 1261 542 1337 inutiles
556 1288 638 1336 esse
653 1277 785 1359 putent
800 1260 901 1359 vulgi
912 1261 1117 1359 opiniones,
1129 1259 1374 1335 vehementer
1383 1278 1526 1336 errant:

398 1411 533 1482 nempe
570 1411 700 1459 verum
737 1385 889 1481 quidem
927 1408 1001 1457 non
1031 1384 1135 1456 novit
1163 1383 1372 1475 multitudo,
1401 1385 1528 1483 itaque

398 1507 514 1582 multa
550 1507 643 1581 salse
680 1508 951 1604 interpretatur,
986 1507 1074 1604 quin
1102 1506 1216 1580 etiam
1244 1506 1396 1605 indigna
1425 1507 1530 1606 plura

397 1629 556 1727 affingit:
579 1630 645 1702 sed
667 1655 714 1703 ea
735 1655 833 1727 quae
853 1630 980 1703 dicunt
997 1633 1027 1706 οἱ
1040 1635 1165 1720 πολλοί,
1180 1655 1203 1702 a
1218 1630 1401 1726 prioribus
1414 1655 1529 1728 saepe

398 1766 641 1848 acceperunt:
679 1752 731 1826 ita
768 1751 809 1825 fit
845 1767 886 1825 ut
922 1752 957 1824 in
994 1776 1123 1824 eorum
1160 1751 1282 1824 effatis
1314 1751 1431 1825 multa
1459 1752 1531 1825 sint

398 1899 501 1963 vera,
539 1872 623 1948 licet
654 1899 770 1971 saepe
798 1872 891 1946 haec
918 1874 990 1946 sint
1017 1872 1209 1969 inquinata
1236 1889 1274 1946 et
1302 1873 1402 1946 salsis
1430 1874 1530 1947 addi·

399 1996 575 2070 tamentis
616 1997 749 2069 obruta
791 2011 906 2093 atque
948 1996 1156 2068 obscurata.
1199 1994 1333 2069 Haec
1369 2010 1530 2069 autem

399 2142 725 2216 nonnunquam
754 2117 924 2191 exemit
952 2117 1079 2189 Ptnro
1107 2131 1150 2190 et
1179 2117 1220 2189 in
1249 2143 1376 2191 usum
1403 2144 1531 2192 suum

397 2240 562 2313 vertit.
601 2239 718 2313 Recte
746 2235 978 2336 Scuntur⁸):
1014 2238 1144 2332 „Aber
1170 2237 1270 2312 nicht
1297 2239 1428 2313 immer
1456 2241 1532 2314 und

400 2361 500 2435 nicht
536 2363 571 2434 in
606 2361 731 2436 Allem
760 2362 861 2435 steht
889 2363 954 2435 der
981 2360 1198 2435 athenische
1226 2359 1429 2459 Philosoph
1458 2363 1531 2436 den

399 2482 657 2558 iiberlielerten
705 2483 993 2582 Vorstellungen
1041 2484 1194 2580 negativ
1235 2483 1530 2583 gegen'uber.’'⁴)

455 2605 542 2678 Non
571 2621 629 2679 est
655 2606 690 2677 in
715 2607 841 2678 animo
866 2605 966 2694 mihi,
991 2630 1106 2702 agere
1121 2605 1168 2678 de
1183 2606 1225 2678 iis
1241 2607 1412 2680 omnibus
1426 2606 1528 2699 locis,

401 2728 533 2825 quibus
562 2729 688 2801 Prno
716 2753 807 2801 suae
831 2729 944 2825 ipsius
967 2728 1158 2802 doctrinae
1181 2727 1284 2827 vulgi
1299 2730 1531 2804 narrationes

401 2849 596 2923 immiscuit
623 2865 687 2923 aut
715 2851 749 2923 in
779 2875 885 2923 usum
910 2875 1016 2923 suum
1041 2849 1242 2923 convertit:
1268 2851 1317 2923 ad
1343 2851 1531 2924 PLnTonus

402 2970 661 3070 philosophiae
695 2973 850 3070 genesin
891 2973 1052 3070 pertinet
1089 2971 1269 3046 eiusmodi
1307 2973 1529 3070 disputatio:

401 3094 450 3168 ad
474 3121 568 3192 opus
592 3096 707 3169 hocce
726 3121 801 3169 non
826 3096 1004 3192 pertinet:
1026 3120 1101 3168 uno
1116 3093 1289 3192 exemplo
1304 3095 1394 3191 quid
1408 3095 1530 3169 dicam

401 3216 604 3314 explanare
632 3215 752 3294 liceat.
1562 3313 1568 3325 Ι

456 3337 603 3412 Scilicet
630 3340 807 3437 imprimis
830 3339 865 3412 in
891 3340 944 3429 iis,
970 3363 1067 3436 quae
1092 3340 1139 3413 de
1163 3338 1422 3412 Sirenibus
1445 3341 1532 3415 dicit

405 3463 542 3552 Penne,
572 3462 703 3535 mirum
731 3463 766 3535 in
796 3463 949 3535 modum
978 3461 1105 3560 populi
1133 3461 1282 3535 labulae
1310 3487 1393 3534 cum
1417 3462 1533 3560 philo·

404 3585 606 3682 sophorum
641 3584 814 3681 cogitatis
842 3600 927 3657 sunt
956 3585 1104 3657 mixtae.
1117 3581 1144 3680 ⁵)
1173 3584 1362 3658 Enumero
1392 3584 1532 3683 Cratyl.

451 3797 477 3865 ι)
496 3797 536 3848 Ci.
556 3797 688 3847 Phaedon.
707 3796 740 3859 67
752 3797 789 3846 E:
808 3793 851 3856 ’τῷ
866 3792 920 3842 ’ὄντι
935 3791 1000 3853 ἄρα’,
1012 3791 1069 3855 lon.
1081 3787 1108 3840 ‘oi
1122 3791 1226 3853 Σιμμία,
1234 3792 1259 3841 ul
1265 3790 1335 3854 ὀρθῶς
1343 3795 1538 3856 φιλοσοφοῦντες

402 3881 560 3946 ἀποθνῄσκειν
583 3887 718 3944 peneum,
740 3879 782 3929 καῖ
804 3881 834 3930 τὸ
851 3878 964 3930 τεθνάναι
981 3879 1074 3936 ἥκιστα
1089 3876 1176 3937 αὐτοῖς
1193 3877 1319 3940 averem
1335 3881 1447 3942 φοβερόν.
1463 3881 1535 3932 alibi.

449 3972 477 4040 2)
496 3972 627 4021 Phaedon.
650 3984 699 4033 114
710 3971 741 4020 C.

449 4060 477 4126 3)
495 4060 546 4109 Die
565 4057 646 4108 Ethik
665 4059 711 4108 der
730 4057 809 4108 Alten
830 4057 970 4120 Griechen,
990 4057 1011 4106 1.
1030 4055 1140 4122 (Berlin,
1160 4055 1248 4105 Hertz.
1271 4053 1350 4122 1882)
1369 4071 1429 4121 png.
1449 4069 1491 4120 29.

449 4144 479 4211 4)
498 4145 582 4194 Simili
600 4145 678 4194 modo
697 4145 815 4210 Zethus,
833 4143 879 4192 Ph.
898 4143 924 4192 d.
944 4143 988 4192 Gr.
1008 4143 1043 4192 11.
1066 4144 1092 4192 1⁴
1110 4157 1170 4207 peg.
1188 4139 1252 4206 580:
1272 4143 1362 4206 „Plato
1377 4143 1537 4193 bentttnttlie

405 4231 654 4296 Ueberlieserungen
674 4232 719 4281 des
738 4231 832 4280 Vollrs·
850 4231 904 4280 und
923 4229 1203 4294 Mysterienglaubens,
1219 4229 1245 4277 in
1263 4228 1349 4278 denen
1365 4244 1394 4278 er
1406 4237 1483 4278 unter
1491 4230 1537 4279 der

406 4318 487 4368 Httlle
512 4319 557 4367 der
578 4317 659 4367 Fabel
677 4317 753 4366 einen
774 4317 883 4367 tieseren
903 4315 966 4365 Sinn
986 4316 1060 4381 ahnt,
1078 4331 1121 4364 zur
1138 4315 1347 4364 kunstlerischen
1366 4316 1537 4382 Dnmtellung

405 4405 491 4455 seiner
510 4404 616 4469 ldeen''‚
634 4419 792 4469 quamquam
810 4403 891 4467 magis
910 4403 974 4452 haec
992 4403 1025 4452 sd
1044 4403 1116 4467 ipsos
1135 4402 1268 4466 pertinent
1287 4403 1397 4466 mythos.

451 4489 479 4556 5)
497 4490 538 4540 Cf.
557 4491 589 4540 de
608 4490 648 4540 his
667 4490 700 4540 G.
719 4491 864 4555 warenne,
885 4489 938 4537 Der
956 4487 1127 4551 Seelenvogel
1142 4487 1170 4536 in
1185 4487 1231 4537 der
1245 4488 1316 4538 alten
1333 4489 1473 4538 Litterntur
1482 4488 1537 4539 und

406 4579 501 4626 Kunst.
520 4577 588 4626 Eine
603 4574 1033 4644 mythologischorchueologische
1049 4573 1257 4644 Uutersuchung.
1274 4574 1390 4646 Leipzig.
1406 4576 1536 4628 Teubner.

409 4676 484 4730 1902.
