3654 5564
955 673 1005 758 64

414 867 567 957 Euenus,
605 893 684 940 cum
707 866 795 939 mori
817 863 912 957 nolit,
936 865 970 938 id
993 868 1090 964 quod
1113 871 1143 945 oi
1166 873 1209 960 ὡς
1231 868 1361 961 alala
1384 869 1545 973 φιλόσοφοι

414 992 479 1086 (64
492 989 534 1087 Β)
545 986 569 1086 1)
597 1015 642 1062 ex
670 989 787 1063 animo
814 985 1003 1087 cupiar1t‚')
1031 989 1199 1088 quodque
1222 1016 1286 1064 eos
1309 1016 1439 1088 cupere
1462 989 1547 1064 mul-

412 1112 523 1186 titudo
556 1112 662 1186 etiarn
690 1112 822 1202 credat,
850 1109 930 1185 licet
955 1111 1046 1186 hanc
1071 1139 1157 1186 vera
1184 1113 1283 1187 huius
1309 1113 1412 1188 studii
1439 1138 1547 1187 causa

414 1250 451 1308 et
476 1234 565 1308 ratio
591 1232 712 1309 lateat.
724 1230 749 1330 ³)
1355 1237 1358 1271 ¹

467 1356 585 1430 Causa
612 1383 699 1431 vero
725 1360 816 1434 haec
841 1359 875 1432 in
901 1383 947 1433 eo
973 1357 1089 1456 posita
1115 1372 1180 1449 est,
1209 1357 1306 1456 quod
1328 1383 1414 1433 vere
1436 1356 1545 1456 philo·

412 1479 515 1577 sophi
541 1476 620 1552 nihil
646 1482 819 1572 studeant,
849 1481 910 1554 nisi
932 1481 1113 1579 acquirere
1135 1480 1300 1586 φρόνησιν,
1323 1481 1471 1587 φρόνησις
1485 1507 1543 1555 au-

414 1616 488 1675 tern
513 1602 604 1676 haec
625 1602 658 1675 in
682 1619 797 1677 morte
818 1601 896 1676 sola
917 1603 1050 1676 affatim
1071 1603 1280 1700 acquiratur.
1293 1602 1319 1700 4)
1344 1603 1449 1698 Quae
1472 1605 1543 1708 φρό-

414 1757 504 1818 νησις
518 1717 679 1824 Ιιθειιὶφιιὲ
701 1726 778 1824 ipsa
800 1753 880 1802 esse
903 1727 1023 1800 dicittrr
1040 1727 1222 1830 καθαρμός.
1235 1725 1261 1823 ⁵)
1275 1726 1403 1801 Talem
1417 1733 1544 1830 καθαρ-

415 1893 609 1902 ffl—

462 1987 487 2053 1)
506 1986 546 2036 cf.
572 1985 602 2035 61
617 1985 652 2035 C:
676 1986 726 2039 alic
748 1981 798 2044 θτρι
821 1981 895 2046 ἀξίας
912 1979 1005 2032 ταύταν
1023 1981 1238 2046 τοῦπράγματος
1256 1985 1302 2052 [sc.
1321 1989 1368 2042 τθι
1386 1984 1549 2051 φιλοσοφίας]

412 2068 542 2132 μθτεστιν.

459 2153 487 2221 2)
504 2153 565 2203 l.l.:
584 2149 653 2200 σθδθν
670 2150 736 2201 ἄλλα
753 2149 831 2200 alvo!
845 2154 891 2221 [sc.
909 2151 962 2203 θτσι
979 2150 1152 2216 τυγχάνουσιν
1161 2151 1231 2214 θρθθις
1239 2151 1376 2214 θττθμιναι
1386 2149 1549 2218 φιλοσοφίας]

414 2233 601 2295 ἐπιτηδεύουσιν
619 2237 634 2295 ἰ)
651 2236 810 2302 ἀποθνῄσκειν
826 2257 857 2288 τε
874 2242 916 2289 καὶ
933 2237 1053 2290 τεθνάναι.

459 2323 487 2392 3)
506 2323 586 2385 6413:
605 2318 706 2378 λέληθεν
723 2322 773 2384 γὰρ
789 2320 892 2382 αθταθς,
910 2319 924 2387 ᾖ
941 2339 971 2371 τε
989 2322 1112 2372 θαναεθσι
1130 2321 1172 2371 καὶ
1189 2317 1203 2384 ᾖ
1221 2319 1290 2388 Afro!
1304 2320 1366 2372 εθσιν
1384 2320 1500 2374 θανθτεν.

458 2410 487 2477 4)
506 2409 590 2460 68A:
615 2405 674 2470 θραν
698 2406 725 2456 ll
746 2408 882 2471 optulerat
893 2447 964 2462 .....
982 2410 1118 2474 φρονήσεως
1135 2407 1163 2459 ll
1180 2407 1228 2470 θρα
1245 2427 1286 2467 τις
1302 2415 1339 2473 τῷ
1356 2407 1409 2458 ’θντι
1428 2408 1493 2470 ianr,
1509 2409 1551 2458 καὶ

412 2496 497 2557 λαβὼν
521 2493 616 2557 σφθθρα
638 2493 684 2552 τὴν
707 2493 788 2553 αιἰτιὶν
811 2495 905 2555 ταύτην
929 2496 1028 2558 italia,
1052 2495 1168 2562 μκθαμσθ
1190 2494 1278 2544 liliola
1303 2493 1460 2563 θντεθξεσθαι
1482 2493 1548 2560 ciffi

413 2576 488 2641 ἀξίας
511 2578 588 2640 λθγσιι
613 2575 628 2635 ll
650 2573 675 2626 ir
700 2576 798 2638 Ἅιδαν,
821 2577 995 2642 ἀγανακτήσει
1017 2596 1048 2629 τι
1071 2577 1227 2642 ἀποθνῄσκων
1245 2575 1287 2628 καὶ
1304 2575 1348 2627 αθκ
1365 2575 1472 2639 θθσμενσς
1489 2573 1551 2627 aloru

411 2655 519 2714 αὖτθσθς

459 2743 500 2793 Cf.
524 2749 657 2808 praeterea
676 2742 710 2792 66
721 2743 757 2793 E:
776 2738 842 2791 δυοῖν
859 2740 966 2804 θθτερσν,
982 2741 997 2799 ἰ)
1014 2740 1124 2803 σθθαρισθ
1141 2739 1213 2790 ’θστιν
1230 2739 1372 2798 κτήσασθαι
1387 2743 1417 2792 τθ
1430 2739 1520 2792 εἰδέναι
1535 2741 1550 2800 θ)

413 2825 606 2884 τελευτήσασιν.
624 2830 824 2880 Animadvertas
837 2839 933 2897 autem,
947 2831 1053 2881 huiusce
1069 2832 1224 2882 dilemmatis
1241 2831 1354 2896 priorem
1371 2839 1548 2898 partem,nns-

414 2933 493 2983 quam
511 2915 610 2966 scilicet
629 2917 730 2981 acquiri
745 2932 821 2982 posse
837 2918 982 2983 seientiam,
997 2917 1104 2968 omnino
1119 2919 1224 2983 neglegi
1234 2934 1249 2967 a
1258 2919 1403 2969 Paa'rortn:
1413 2919 1548 2970 scientiam

414 3020 498 3054 rerum
517 3018 582 3068 esse,
601 3003 677 3067 ponit
695 3018 744 3052 nec
764 3010 851 3052 tamen
870 3004 1038 3054 demonstrat.

460 3089 488 3156 5)
508 3089 627 3154 69132..
652 3086 695 3134 καὶ
717 3085 730 3141 ἦ
755 3086 898 3149 σαφρσσθιιρ
920 3087 961 3137 καθ
985 3086 1000 3143 θ
1023 3086 1163 3144 δικαισσθνιρ
1186 3089 1229 3136 καὶ
1250 3086 1348 3150 θνθριθα
1370 3089 1413 3138 καὶ
1434 3087 1549 3145 αὐτὴν)

412 3178 566 3239 φρόνησις
581 3173 622 3235 μι)
640 3172 802 3235 καθαρμός
820 3191 872 3232 τις
889 3169 910 3238 ᾗ.
929 3177 969 3228 Cf.
989 3178 1053 3243 Asu,
1073 3178 1198 3228 Annotat.
1217 3177 1246 3227 in
1261 3177 1548 3243 Phaedr.243A(Pla-

415 3266 485 3316 tonis
504 3280 570 3330 quae
589 3270 692 3314 exstant
711 3263 808 3329 Opera.
828 3264 902 3313 Tom.
921 3265 955 3330 X,
974 3265 1098 3314 Anuotat.
1115 3271 1181 3329 part.
1198 3264 1274 3329 prim.
1288 3265 1387 3314 contin.
1403 3281 1463 3330 pag.
1474 3264 1546 3330 355):

416 3353 509 3420 „Hanc
532 3357 620 3400 autem
644 3365 735 3399 uocem
762 3345 906 3415 [καθαρμός]
925 3357 950 3400 et
969 3350 1066 3400 similes
1084 3350 1125 3416 (ut
1143 3345 1268 3408 κάθαρσις,
1285 3347 1394 3409 καθαρός,
1409 3346 1549 3409 καθαρεύειν

415 3438 462 3504 al.)
485 3437 558 3488 Plato
583 3436 761 3486 accommodat
784 3435 818 3486 ad
843 3437 869 3486 id
895 3437 966 3501 quod
984 3443 1097 3486 mentem
1115 3444 1229 3486 nostram
1248 3438 1336 3502 expiat
1354 3453 1374 3486 s.
1393 3445 1497 3503 purgat,
1514 3437 1547 3487 ad

415 3525 517 3576 virtutis
536 3523 676 3588 praecipue
694 3529 720 3572 et
739 3522 855 3572 veritatis
874 3524 1002 3590 studium3
1022 3523 1144 3589 quocirca
1163 3524 1221 3588 ipsa
1240 3523 1408 3588 philosophia
1426 3520 1549 3584 καθαρμός

415 3621 441 3663 et
459 3606 574 3670 κάθαρσις
593 3608 696 3674 dicitur,
715 3615 744 3658 ut
761 3609 893 3660 Phaedon.
914 3609 979 3671 67C
1008 3609 1042 3672 69
1053 3609 1088 3658 C:
1100 3645 1106 3658 .
1119 3645 1143 3658 ..
1163 3609 1204 3658 Cl.
1223 3610 1335 3658 Ptorttt.
1355 3610 1471 3660 Ennead.
1491 3611 1513 3674 1,
1531 3609 1547 3659 6

416 3717 443 3766 p.
463 3708 495 3764 55
523 3699 555 3747 A.
576 3695 681 3745 Etenim
707 3691 721 3749 θ
744 3691 860 3755 κθθαρσις
881 3693 923 3743 καῖ
940 3693 965 3742 ol
978 3691 1105 3755 καθαρμσθ,
1122 3703 1149 3745 ut
1169 3695 1266 3760 Cratyl.
1285 3706 1336 3760 405
1348 3696 1380 3744 A.
1400 3697 1548 3762 exponitur,

414 3783 440 3834 θν
457 3801 485 3833 τι
502 3809 535 3822 -
553 3779 647 3831 δύναιτ’
665 3779 704 3837 hv,
720 3779 822 3842 καθαρὸν
840 3779 958 3843 ταρθχειν
976 3781 1020 3829 τόν
1034 3779 1153 3842 θνθριισισν
1167 3779 1209 3829 καθ
1222 3781 1290 3830 κατὰ
1304 3781 1334 3828 τθ
1349 3785 1423 3842 σῶμα
1431 3779 1549 3829 καὶκατὰ

413 3864 459 3924 τὴν
482 3862 576 3927 ψυχήν.
601 3866 713 3930 Atque
737 3865 799 3915 hoc
819 3865 909 3914 altiore
928 3880 948 3916 s.
969 3864 1182 3930 philosopho
1202 3879 1306 3914 sensu
1323 3865 1386 3914 iam
1405 3864 1547 3930 Orphici

416 3955 576 4004 videntur
595 3966 698 4002 voces
718 3947 887 4010 κάθαρσις,
904 3947 1081 4010 καθαρμός,
1096 3951 1182 4000 alias
1199 3949 1548 4017 usurpasse,vid.Aars'ro'r.

340 4073 342 4080 .
415 4037 650 4106 Porrt.V111,7.”

462 4125 502 4176 Ex
520 4126 561 4176 his
580 4126 631 4174 iarn
648 4123 854 4188 perspicitur-
870 4123 898 4172 id
908 4124 979 4187 qnod
988 4124 1015 4173 in
1026 4123 1151 4189 proximis
1159 4123 1304 4172 accuratius
1314 4121 1496 4173 demonstrabo
1505 4151 1549 4191 -—‚

416 4229 499 4264 errare
519 4214 712 4274 Herculanarum
731 4223 789 4257 cum
807 4208 875 4257 hane
895 4225 962 4274 quae
980 4211 1047 4260 inter
1065 4211 1200 4260 Platonem
1216 4217 1241 4258 et
1257 4208 1388 4273 Orphicos
1404 4217 1474 4260 extat
1489 4227 1549 4261 con·

416 4299 571 4364 gruentiam,
598 4296 631 4346 ad
655 4301 786 4344 externam
810 4294 880 4345 illius
905 4295 1038 4346 doctrinae
1056 4297 1164 4346 sormam
1182 4301 1281 4345 tantum
1300 4303 1326 4345 et
1344 4297 1406 4346 artis
1425 4299 1550 4348 vocabula

417 4386 544 4452 quaedam
564 4382 693 4448 pertinere
712 4387 816 4430 censeat
835 4397 859 4431 o.
869 4382 887 4432 1.
905 4399 964 4449 pag.
980 4397 1046 4434 200:
1064 4383 1135 4448 „und
1150 4398 1226 4432 wenn
1237 4398 1265 4432 er
1274 4381 1328 4432 sich
1338 4384 1403 4433 auch
1414 4384 1549 4434 bisneilen

416 4473 444 4520 in
464 4470 612 4534 Beziehung
630 4467 677 4518 aul
693 4468 764 4518 scine
784 4467 954 4534 Philosophie
973 4469 1075 4520 solcher
1094 4466 1247 4519 Ausdrtlcke
1263 4468 1317 4518 und
1333 4468 1549 4519 Gleichnissebe·

416 4557 498 4624 dicut,
521 4557 563 4606 die
588 4571 633 4606 aus
657 4554 704 4603 der
728 4554 843 4619 Sprache
862 4555 908 4605 der
927 4557 1071 4621 Mysterien
1091 4565 1260 4605 entnommen
1278 4554 1346 4620 sind,
1366 4571 1395 4604 so
1414 4554 1473 4604 dari
1490 4571 1548 4604 man

416 4644 507 4694 claraus
532 4659 561 4693 so
586 4641 671 4704 wenig
696 4639 742 4689 aul
759 4640 818 4690 eine
838 4641 972 4706 Billigung
990 4642 1061 4709 oder,
1081 4643 1129 4692 wie
1148 4657 1176 4691 es
1194 4641 1222 4689 iu
1240 4640 1304 4693 alter
1322 4641 1376 4690 und
1395 4656 1475 4690 neuer
1493 4641 1549 4690 Zeit

417 4732 497 4782 h'lters
521 4729 668 4795 geschehen
692 4727 734 4793 ist,
752 4727 798 4777 aui
814 4728 873 4778 eine
894 4730 1037 4796 Ableitung
1056 4731 1142 4780 seiner
1159 4727 1262 4778 Lehren
1281 4743 1327 4777 aus
1343 4727 1422 4791 jenen
1441 4727 1547 4779 schlies-
