3654 5564
793 645 838 736 85

253 841 353 915 cuius
380 841 616 941 philosophia
644 868 728 916 curn
752 840 930 940 religione
953 841 1135 915 artissime
1158 840 1347 934 cohaeret,
1357 839 1384 940 ¹)

253 964 288 1036 in
315 963 371 1037 his
400 989 551 1061 quoque
578 988 719 1055 eorum,
750 963 812 1060 qui
841 963 1065 1037 antecedunt
1092 962 1224 1059 ipsum,
1253 963 1384 1038 insistit

250 1086 435 1185 vestigiis:
466 1087 573 1180 ,Erst
596 1086 757 1160 hundert
776 1085 889 1182 Jahre
911 1097 1038 1184 spater
1061 1085 1127 1158 hat
1140 1085 1199 1158 ein
1216 1085 1382 1160 Dichter·

252 1207 453 1306 Philosoph
490 1208 549 1282 die
585 1206 798 1283 verlassene
836 1208 934 1306 Spur
967 1209 1035 1282 des
1062 1206 1220 1282 Eleaten
1247 1209 1384 1283 wieder

250 1332 479 1430 ausgesucht.
507 1331 579 1404 Die
603 1333 811 1430 grossartig
825 1330 1115 1429 durchgeiithrte
1131 1329 1383 1427 Wagenfahrt

249 1454 315 1528 der
342 1452 546 1552 gottlichen
575 1454 650 1527 und
674 1454 948 1528 menschlichen
971 1450 1105 1527 Seelen
1129 1453 1178 1524 im
1201 1452 1381 1526 Phaidros

249 1576 346 1674 zeigt
370 1577 438 1650 das
461 1574 536 1650 alte
557 1575 679 1649 Motiv
693 1577 728 1649 in
744 1576 891 1650 tieferer
906 1575 1138 1673 Auffassung
1153 1574 1229 1647 und
1243 1573 1381 1648 vollen·

249 1697 395 1773 deterer
432 1699 557 1773 Kunst
593 1700 669 1772 und
706 1700 752 1773 ist
788 1698 931 1797 typisch
967 1698 1024 1772 iiir
1059 1697 1137 1772 die
1164 1697 1380 1771 Vereini-

253 1846 385 1919 gung
425 1821 718 1919 orphischer
756 1820 1105 1919 Apokalyptik
1140 1821 1224 1894 mit
1258 1818 1378 1895 elea-

252 1941 1379 2036 tischerDialektik,welchePlatonsGross'e

251 2061 579 2164 ausmacht.’'’)
616 2066 749 2163 Itaque
786 2081 944 2163 apparet
977 2064 1108 2140 salsam
1142 2091 1224 2140 esse
1247 2089 1376 2139 eorum

297 2359 322 2424 ι)
341 2359 457 2423 Zunuutt,
482 2358 529 2408 Ph.
548 2357 573 2406 d
593 2357 638 2408 Gr.
657 2356 682 2406 ΙΙ
705 2356 731 2405 1⁴
749 2371 810 2422 pag.
830 2354 894 2421 580:
914 2355 976 2420 ,der
994 2355 1114 2420 religidse
1133 2355 1187 2405 und
1206 2355 1378 2406 dichterische

251 2444 391 2496 Charakter
414 2444 460 2494 der
479 2443 661 2510 platonischen
680 2441 880 2508 Philosophie;”
899 2457 958 2509 pag.
978 2441 1043 2506 926:
1065 2443 1143 2506 ,Was
1161 2459 1215 2492 nun
1234 2449 1317 2493 zuerst
1335 2442 1379 2493 die

164 2548 165 2551 ’
251 2532 373 2598 Religion
398 2531 504 2596 betrifft,
525 2547 554 2580 so
572 2530 658 2580 haben
677 2530 724 2579 wir
742 2545 790 2580 uns
809 2529 891 2578 sehon
909 2528 995 2578 frither
1015 2531 1163 2596 ttberzeugt,
1181 2529 1239 2579 dass
1258 2545 1378 2580 anserem

249 2619 425 2684 Philosophen
451 2619 493 2668 die
517 2618 602 2668 wahre
623 2616 747 2681 Religion
772 2617 820 2666 mit
842 2615 889 2666 der
914 2616 1091 2682 Philosophie,
1114 2616 1169 2666 und
1187 2616 1232 2666 das
1251 2616 1378 2666 wahrhait

249 2706 382 2757 Ghttliche
399 2705 446 2754 mit
465 2705 516 2754 den
531 2703 659 2754 hdchsten
676 2703 877 2767 Gegensrrnden
895 2701 940 2752 der
956 2703 1187 2768 philosophischen
1202 2704 1378 2769 Betrachtung

249 2791 478 2844 zusammeni'allt.’'

294 2881 367 2930 Haec
391 2895 453 2929 vero
477 2895 535 2929 cum
560 2880 667 2928 Zutuun
692 2893 752 2944 pag.
777 2889 829 2942 934
853 2879 881 2927 in
904 2877 974 2927 hunc
997 2877 1101 2927 modum
1119 2878 1265 2943 restringit:
1285 2876 1376 2942 ,Nach

249 2968 326 3018 aliem
344 2968 433 3017 diesen
449 2967 553 3017 werden
569 2967 616 3015 wir
630 2966 681 3016 den
697 2965 836 3030 religtesen
853 2964 1003 3024 Charakter,
1018 2965 1375 3030 welcherderplatonischen

248 3053 416 3120 Philosophie
431 3053 479 3102 mit
495 3052 580 3102 Recht
594 3051 782 3118 uachgerithmt
797 3051 901 3101 worden
917 3052 960 3118 ist,
970 3051 1029 3101 weit
1039 3052 1152 3117 weniger
1161 3051 1208 3100 aui
1214 3051 1260 3100 der
1268 3051 1374 3101 wissen-

246 3139 426 3206 schastlichen,
446 3139 484 3190 uls
503 3139 549 3189 aui
565 3139 610 3189 der
628 3138 761 3189 ethischen
783 3137 852 3188 Seite
871 3155 901 3187 zu
920 3138 1017 3188 sochen
1032 3137 1145 3204 haben,”
1161 3154 1214 3187 non
1230 3137 1373 3188 solumsihi

246 3243 299 3276 non
324 3234 442 3276 constare
466 3226 531 3275 mihi
555 3225 664 3291 videtur,
683 3241 772 3275 verum
790 3225 867 3274 etiam
887 3225 1015 3291 dirimere,
1034 3225 1146 3290 quaein
1166 3226 1295 3274 Puerorttt
1314 3223 1374 3274 diri·

246 3313 341 3362 menda
356 3328 409 3362 uon
430 3319 510 3362 erant.
530 3312 631 3376 Nempe
647 3327 706 3362 cum
722 3311 791 3377 apud
807 3312 959 3361 Puerorum
974 3309 1111 3371 osroenae
1125 3319 1151 3360 et
1167 3306 1295 3368 imerius
1305 3311 1374 3362 idem

246 3399 299 3449 iere
324 3405 427 3464 sonent,
451 3399 576 3465 sequitur,
593 3405 622 3448 ut
640 3398 667 3447 id
686 3398 758 3463 quod
776 3398 809 3447 de
828 3397 996 3463 philosophia
1014 3398 1069 3448 eius
1087 3397 1226 3449 dicendum
1244 3399 1286 3465 sit,
1304 3399 1373 3448 idem

245 3487 273 3536 in
297 3487 432 3536 scientiam
454 3486 538 3536 cadat.
561 3486 663 3535 Deinde
687 3501 749 3534 vero
773 3483 900 3534 eiusmodi
922 3485 990 3534 inter
1008 3485 1142 3535 scientiam
1161 3493 1187 3536 et
1205 3485 1316 3535 ethicam
1335 3485 1373 3535 di·

246 3573 362 3638 stiuctio,
385 3571 471 3637 qualis
494 3571 566 3622 hisee
585 3573 703 3621 Zsuuutrr
721 3571 807 3621 verbis
826 3571 951 3638 inhaeret,
969 3587 984 3620 a
1001 3571 1136 3622 Puerours
1153 3571 1270 3622 doctrina
1288 3573 1374 3622 aliena

246 3667 299 3726 est,
318 3659 436 3724 id‘quod
454 3665 561 3724 apparet
580 3674 639 3708 cum
657 3673 689 3708 ex
708 3658 750 3724 iis,
768 3673 834 3723 quae
853 3658 885 3707 de
901 3657 1052 3724 philosophi
1068 3675 1145 3724 quam
1160 3660 1252 3709 Puro
1267 3659 1374 3709 exhibet

245 3746 359 3809 imagine
377 3761 454 3811 supra
473 3745 594 3810 diximus,
612 3751 666 3794 tum
684 3760 714 3794 ex
733 3745 774 3809 iis,
794 3759 860 3809 quae
878 3745 936 3810 ipse
954 3746 1062 3794 Zethus
1080 3745 1116 3795 l.l.
1136 3762 1196 3810 pag.
1215 3755 1265 3810 935
1285 3747 1372 3812 affert,

246 3847 312 3897 quae
331 3832 358 3880 iu
377 3832 453 3882 huius
472 3832 581 3898 paginae
601 3831 652 3882 fine
668 3831 798 3898 dicuntur,
811 3831 848 3880 sic
864 3832 927 3882 satis
941 3847 1001 3881 vera
1014 3831 1078 3881 mihi
1088 3832 1216 3898 ridentur,
1227 3849 1275 3883 nec
1285 3840 1372 3883 tamen

245 3925 335 3967 contra
358 3917 441 3967 afferri
466 3925 589 3982 possunt:
617 3918 710 3982 ,einen
732 3916 871 3982 religi'o‘sen
896 3917 1038 3968 Charakter
1060 3917 1165 3967 haben”
1189 3933 1219 3968 ac
1244 3919 1307 3984 ,mit
1325 3919 1371 3969 der

243 4004 421 4070 positiven
445 4003 569 4069 Religion
593 4004 648 4054 sich
673 4003 820 4054 herithren‘’
839 4020 892 4054 non
911 4003 980 4053 idem
998 4011 1046 4070 est,
1064 4003 1092 4054 id
1111 4005 1182 4069 quod
1201 4005 1371 4056 consideratis

243 4106 310 4156 quae
329 4090 356 4139 in
376 4097 447 4140 textu
466 4091 586 4156 diximus,
604 4091 633 4140 in
651 4091 741 4156 aprico
759 4091 816 4140 erit.

287 4178 342 4227 Nec
367 4193 471 4242 prorsus
494 4177 549 4227 iure
573 4177 689 4226 Eucrturt
713 4176 899 4244 (Gesammelte
924 4177 1045 4228 Auisatze
1069 4193 1112 4226 zur
1130 4177 1298 4242 Philosophie
1316 4179 1371 4229 und

243 4264 523 4329 Lebensanschauung.
544 4264 661 4329 Leipzig.
679 4264 755 4316 Dtirr.
779 4275 854 4328 1903.
874 4280 932 4330 pag.
953 4264 1015 4332 212)
1034 4265 1097 4314 vitio
1116 4264 1176 4314 dare
1191 4265 1255 4314 mihi
1269 4265 1372 4316 videtur

244 4352 430 4416 WtLLttnrtrtO,
455 4350 526 4416 quod
550 4351 572 4400 is
591 4351 643 4402 o.l.
663 4352 797 4401 Puerortrs
815 4352 1009 4417 philosophiam
1027 4352 1214 4417 religiosiorem
1232 4351 1372 4418 depingat:

246 4437 337 4501 ,Auch
356 4437 401 4487 dus
417 4437 476 4487 Bild
493 4437 579 4486 Platos
594 4438 628 4487 ist
637 4438 787 4502 gegenttber
795 4439 842 4487 der
850 4439 1049 4503 gewohnlichen
1061 4440 1178 4504 Fassung
1188 4440 1228 4488 ins
1238 4439 1371 4504 Religidse

243 4523 298 4573 und
312 4523 503 4588 Theologisehe
512 4523 698 4574 verschoben.’'
709 4524 793 4574 Multo
803 4525 894 4574 melius
904 4525 995 4575 saltem
1005 4527 1205 4575 WILLMANNUM
1213 4541 1289 4590 agere
1300 4534 1373 4592 puto,

246 4625 322 4676 quarn
342 4609 387 4675 qui
406 4611 439 4660 ab
457 4611 514 4675 ipss
532 4610 666 4675 religionis
684 4619 774 4661 natura
793 4613 928 4662 mitons
945 4613 1076 4662 doctrinas
1094 4611 1198 4678 lougius
1216 4619 1373 4663 removeant.

291 4696 430 4764 2)D11tm,
450 4697 625 4764 Parmenides,
643 4713 703 4764 pag.
723 4711 766 4748 22.
