3654 5564
954 665 1000 732 62

412 860 655 934 demonstrare
688 885 835 933 necesse
861 859 993 948 habe0,
1021 858 1138 956 ipsius,
1166 859 1212 932 de
1240 885 1312 957 quo
1339 860 1392 932 hic
1415 860 1542 958 agitur,

413 983 592 1054 Ptnrours
618 981 739 1056 iudicio
765 997 861 1055 certe
880 982 968 1055 inter
989 979 1220 1078 philosophos
1242 979 1317 1055 illos
1330 1007 1410 1054 esse
1423 1007 1544 1054 nume·

411 1107 541 1180 randos
560 1121 620 1180 aut
634 1121 729 1180 certe
742 1105 953 1179 tractandos.
971 1104 1196 1204 Argumenta
1209 1119 1329 1178 autem
1342 1119 1423 1178 sunt
1435 1105 1542 1178 hacc:

464 1229 605 1302 Primo.
632 1228 860 1326 Quamquam
875 1243 1009 1301 certam
1024 1243 1061 1300 et
1073 1243 1294 1301 constantem
1300 1226 1546 1324 philosophum

411 1351 559 1425 notionis
586 1350 821 1424 definitionem
848 1351 882 1423 in
908 1351 1089 1423 Punroms
1115 1350 1284 1447 operibus
1309 1375 1380 1423 non
1406 1349 1545 1423 inveniri

412 1499 521 1571 supra
556 1473 716 1564 vidimus
753 1473 971 1547 nihilominus
1008 1499 1104 1570 quae
1142 1474 1188 1546 de
1215 1473 1356 1547 notione
1383 1471 1439 1545 illa
1465 1473 1545 1546 dicit

410 1611 486 1668 tam
522 1595 594 1669 late
628 1610 763 1692 patent,
800 1611 838 1669 ut
865 1594 1174 1692 Orphicorum
1201 1621 1344 1693 quoque
1370 1594 1544 1668 doctrinas

411 1718 480 1791 sub
507 1743 588 1790 eam
615 1718 744 1792 cadere
770 1718 953 1791 videantur
978 1719 1188 1792 necessario,

465 1840 614 1914 Detizde.
653 1840 813 1929 Accedit,
852 1841 952 1937 quod
988 1840 1115 1914 harum
1142 1840 1377 1914 doctrinarum
1404 1865 1546 1912 summa

411 1987 492 2034 cum
540 1961 717 2036 Platonica
755 1960 978 2059 philosophia
1017 1962 1188 2036 artissime
1230 1961 1408 2053 cohaeret,
1450 1962 1547 2059 quod

457 2284 503 2332 tv.
523 2283 643 2332 Altere
663 2281 851 2346 Sophistik.

458 2369 513 2419 Nec
533 2377 617 2418 tamen
638 2369 745 2418 omnino
764 2385 778 2417 a
797 2370 914 2418 Zethum
934 2375 1006 2432 parte
1023 2375 1089 2418 stare
1105 2369 1250 2418 censendus
1267 2374 1320 2417 est:
1337 2367 1451 2417 medium
1458 2366 1544 2416 locum

412 2462 501 2505 tenere
520 2455 630 2504 videtur.
650 2455 715 2503 Item
733 2456 844 2519 uonna,
860 2454 969 2518 Psyche,
983 2453 1016 2503 cf.
1033 2471 1092 2519 pag.
1107 2465 1168 2517 407.
1185 2457 1283 2519 Aperte
1293 2456 1541 2504 contraZsLLaRum

412 2559 435 2592 e.
446 2559 470 2608 g.
495 2542 637 2607 60111111,
656 2541 756 2606 quippe
776 2541 821 2606 qui
840 2541 867 2588 in
887 2557 966 2605 opere
985 2557 1032 2590 suo
1050 2541 1186 2590 notissimo
1205 2541 1276 2606 quod
1294 2541 1456 2590 inscribitur:
1473 2541 1544 2590 Grie-

412 2627 516 2678 chische
536 2627 651 2677 Denker.
670 2627 736 2676 Eine
753 2627 909 2676 Geschichte
925 2627 971 2676 der
987 2628 1103 2677 Antiken
1121 2628 1290 2693 Philosophie
1303 2628 1324 2677 I.
1334 2625 1464 2693 (Leipzig.
1474 2625 1544 2675 veit.

415 2715 494 2782 1896)
511 2715 581 2764 hunc
601 2722 723 2779 sequatur
741 2713 872 2763 ordinem:

460 2801 564 2850 Eksrus
582 2799 671 2849 Buca:
692 2798 743 2848 Die
762 2799 892 2865 Aufenge.

458 2887 619 2950 Einleitung.

457 2975 575 3024 Erstes
595 2972 750 3036 Kapitel:
771 2972 821 3022 Die
840 2972 1022 3037 alt-jouischen
1036 2973 1296 3040 Naturphilosophen
1306 2971 1386 3039 (inter
1396 2989 1544 3040 quosnurn·

491 3067 546 3110 erat
564 3060 642 3109 etiam
661 3059 843 3127 Heraclitum).

457 3147 601 3196 Zweites
620 3146 776 3211 Kapitel:
796 3146 942 3212 Orphische
963 3147 1258 3213 weltbildungslehren.

457 3234 593 3282 Drittes
614 3232 771 3297 Kapitel:
791 3233 949 3298 Pythagoras
968 3234 1022 3283 und
1041 3235 1113 3284 seine
1130 3236 1236 3299 Jtlnger.

457 3321 596 3369 Viertes
615 3317 768 3383 Kapitel:
789 3319 840 3368 Die
860 3320 1033 3386 Fortbildung
1051 3321 1098 3370 der
1116 3319 1349 3386 pythagoreischen
1369 3319 1460 3369 Lehre.

458 3405 602 3455 Funrtes
621 3405 778 3469 Kapitel:
798 3405 853 3454 Der
870 3406 1222 3472 orphisch·pythagoreische
1241 3406 1439 3470 Seelenglaube.

456 3492 590 3541 Praeterea
613 3490 691 3539 etiam
710 3490 736 3539 II
760 3486 863 3558 (1902),
882 3507 941 3556 pag.
961 3503 1011 3554 327
1031 3509 1089 3542 cum
1104 3493 1270 3558 philosophis
1285 3493 1479 3557 coniunguntur
1494 3490 1541 3540 Or·

412 3579 496 3645 phici:
517 3578 626 3643 „Neben
642 3577 693 3626 den
709 3576 859 3642 Orphilrern
876 3579 929 3627 und
940 3579 1131 3644 Pythagoreern
1141 3581 1174 3630 ist
1184 3580 1360 3644 Xenophanes
1370 3595 1400 3628 zu
1410 3577 1541 3628 nennen.”

413 3668 525 3718 Guurra
542 3665 603 3730 0.1.;
622 3663 654 3713 cf.
674 3679 734 3729 pag.
754 3663 806 3728 654
825 3679 877 3729 quo
897 3664 955 3714 loco
971 3666 1133 3730 Pherecydes
1150 3667 1237 3731 Syrius
1249 3665 1456 3732 „philosophus”
1467 3681 1540 3714 voca·

413 3763 468 3821 tur3
489 3752 521 3803 cf.
541 3757 673 3817 praeterea
688 3767 765 3816 pagg.
781 3750 842 3817 641,
857 3751 1198 3818 642,643,111161.Ει11141111
1209 3754 1320 3818 Mnusn,
1330 3751 1485 3802 Geschichte
1495 3752 1540 3801 des

413 3838 582 3889 Alterthums.
602 3837 711 3886 Zweiter
727 3837 808 3886 Bend.
824 3832 950 3903 stuttgart
969 3838 1044 3902 1893.
1062 3840 1102 3889 Cf.
1114 3855 1173 3905 pag.
1186 3850 1249 3903 747:
1260 3839 1329 3905 „Mit
1339 3838 1390 3888 den
1401 3838 1540 3903 Ansangen

413 3927 459 3976 der
476 3925 646 3989 Philosophie
664 3923 733 3973 steht
751 3924 788 3973 sie
806 3922 858 3990 [die
875 3925 1013 3991 orphische
1029 3927 1124 3994 Lehre]
1142 3927 1170 3976 in
1180 3926 1436 3992 Wechselwirkung3
1446 3926 1542 3991 gleich-

404 4013 482 4078 zeitig
500 4012 546 4060 mit
565 4010 605 4060 ihr
622 4009 678 4058 und
695 4025 742 4060 aus
760 4010 903 4060 denselben
924 4012 1046 4061 Wurzeln
1065 4014 1098 4062 ist
1117 4013 1154 4062 sie
1173 4012 1347 4063 erwachsen.”

458 4114 517 4164 pag.
538 4107 603 4162 752:
622 4097 707 4162 „Dem
723 4096 913 4148 Parallelismus
927 4099 1055 4148 zwischen
1072 4099 1175 4165 Orphik
1190 4099 1245 4149 und
1261 4098 1430 4163 Philosophie
1439 4099 1474 4148 ist
1483 4113 1541 4148 man

413 4193 466 4234 erst
484 4185 511 4234 in
530 4185 620 4234 letzter
639 4183 695 4232 Zeit
713 4183 794 4232 nither
812 4190 937 4251 getreten,
956 4203 985 4236 so
1004 4203 1051 4236 vor
1068 4186 1146 4236 allem
1165 4187 1383 4252 erronearum,
1399 4186 1542 4251 Theologie

413 4271 459 4321 des
484 4269 661 4335 Xenophanes
689 4266 764 4335 1886,
787 4268 873 4319 ferner
896 4271 988 4339 Ksnrt,
1012 4274 1097 4322 Draus
1119 4270 1164 4338 (de
1189 4287 1241 4337 quo
1266 4279 1352 4322 tumen
1373 4273 1462 4340 supra)
1484 4289 1508 4322 11.
1519 4289 1541 4322 a.

457 4375 517 4423 pag.
543 4367 607 4422 753:
634 4356 724 4422 „nicht
746 4357 846 4422 wenige
871 4358 939 4408 ihrer
964 4361 1067 4410 Lehren
1093 4360 1149 4427 [der
1168 4359 1282 4425 Orphik]
1302 4359 1403 4409 decken
1421 4359 1478 4410 sich
1495 4360 1544 4409 last

415 4445 497 4511 vollig
513 4445 560 4494 mit
574 4444 625 4494 den
640 4442 843 4508 Speculationen
859 4445 905 4495 der
920 4447 1031 4498 altesten
1045 4447 1249 4513 Philosophen.”
1267 4447 1307 4496 Cl.
1324 4455 1456 4512 praeterea
1465 4463 1542 4512 pagg.

414 4542 473 4598 735,
490 4532 549 4595 736.
567 4532 735 4596 wunnerus,
750 4531 906 4582 Geschichte
921 4534 967 4583 des
977 4535 1139 4585 idealismus.
1148 4535 1237 4585 Erster
1246 4534 1327 4583 Band.
1338 4534 1541 4599 Vorgeschichte

411 4619 466 4668 und
492 4618 648 4669 Geschiehte
672 4617 718 4667 des
733 4617 842 4668 autiken
861 4620 1022 4672 Idealismus.
1042 4621 1249 4688 Braunschweig.
1267 4622 1375 4686 Vieweg
1394 4621 1448 4670 und
1468 4621 1540 4672 Sohn

414 4703 491 4770 1894,
509 4705 614 4770 passim.
