3654 5564
861 725 907 804 75

318 907 489 1014 μοίζεσθατ,
517 911 553 988 τὸ
579 917 635 988 τοῦ
663 908 793 1002 αληθῶς
821 923 884 987 τῶν
907 911 962 988 τὸν
988 919 1064 989 νοῦν
1088 909 1228 1015 ἐχθντων
1243 907 1452 1003 δεσπόζοντος

319 1038 389 1111 θεοῦ
417 1031 523 1136 ’ὄνομα
551 1033 712 1136 λέγεσθαι.

373 1167 448 1234 ΚΛ.
475 1162 531 1248 Τίς
558 1151 591 1234 θ’
617 1163 636 1232 ὁ
663 1156 754 1260 θεὸς;

374 1289 444 1356 ΑΘ.
471 1273 537 1381 ‘Ap'
564 1263 621 1355 eiu
648 1275 741 1383 μύθῳ
770 1275 894 1385 σμικροί
921 1273 953 1382 γ’
981 1275 1024 1355 ξ’τι
1048 1277 1298 1383 προσχρηστέον,
1322 1281 1348 1354 εἰ
1369 1275 1452 1380 με’λ·

322 1407 419 1503 λομεν
447 1403 596 1504 ἐμμελῶς
623 1431 690 1493 πως
717 1405 870 1491 δηλῶσαι
895 1403 931 1479 τὸ
959 1409 1015 1479 νῦν
1043 1400 1266 1506 ἐρωτώμενονς

376 1533 450 1600 KA.
482 1520 574 1601 Ποίνν
603 1521 663 1626 μὲν
691 1509 762 1602 olo.

374 1657 445 1724 ΑΘ.
474 1641 601 1723 Οὐκοῦν
628 1645 693 1750 χρὴ
721 1642 826 1752 ταύτῃ
855 1650 951 1752 δρᾶν.

377 1767 552 1842 Ceterum
589 1793 693 1860 vero,
727 1767 811 1843 licet
839 1795 914 1843 non
943 1769 1024 1866 ipsa
1052 1769 1099 1843 sit
1127 1767 1375 1867 philosophia,
1404 1765 1454 1838 ad

324 1889 599 1988 philosophiam
622 1906 723 1965 certe
738 1892 899 1988 pertinet
913 1891 1062 1989 mythus
1072 1887 1098 1988 ¹)
1112 1921 1118 1964 :
1135 1891 1208 1964 iam
1224 1889 1455 1964 afferendum

325 2030 381 2088 cst
417 2014 476 2087 hic
512 2014 549 2086 id
587 2014 689 2112 quod
720 2013 818 2087 Tim.
852 2015 948 2087 220
976 2039 1059 2110 sqq.
1090 2012 1237 2112 legitur,
1267 2037 1343 2111 quo
1371 2009 1455 2084 loco

325 2135 600 2235 Aegyptiorum
616 2137 853 2210 sacerdotum
870 2137 953 2233 quis
968 2135 1097 2210 Soloni
1111 2135 1248 2209 dixisse
1265 2149 1454 2210 narratur:

324 2259 358 2335 τὲ
394 2255 460 2363 γὰρ
495 2245 552 2336 οὖν
590 2266 646 2336 καὶ
684 2255 759 2365 παρ’
796 2260 901 2362 ὑμῶν,
940 2259 1069 2356 inquit,
1099 2257 1287 2362 λεγόμενον,
1314 2255 1357 2350 ὥς
1382 2287 1456 2334 ποτε

327 2384 457 2459 Φαέθων
494 2379 603 2459 Ἠλίου
640 2391 715 2473 παῖς
751 2381 787 2458 τὸ
823 2390 879 2460 τοῦ
914 2385 1035 2486 πατρὸς
1066 2376 1160 2486 ἅρμα
1190 2376 1308 2476 ζεύξας
1335 2375 1392 2458 dni
1420 2380 1456 2456 τθ

325 2504 373 2606 μὴ
413 2503 552 2596 δυνατὸς
588 2503 668 2582 εἶναι
706 2499 792 2582 κατὰ
821 2503 881 2590 τὴν
907 2513 964 2581 τοῦ
991 2505 1109 2609 πατρὸς
1138 2504 1213 2581 ὁδὸν
1242 2498 1386 2580 ελαθνειν
1415 2499 1458 2580 τοί

325 2622 352 2703 τ’
379 2629 427 2704 ἐπὶ
450 2640 512 2730 γῆς
534 2627 712 2719 ξννέκανοε
734 2633 791 2704 καὶ
815 2624 911 2719 αὐτὸς
936 2631 1145 2732 κεραυνωθεὶς
1159 2623 1328 2729 διεφθάρη,
1341 2633 1457 2701 τοῦτο

331 2744 471 2851 μθθον
507 2747 584 2851 μὲν
621 2762 775 2854 σχῆμα
811 2745 914 2854 ἕχον
951 2750 1153 2852 λέγεται,
1189 2748 1225 2824 τὸ
1261 2747 1297 2826 δὲ
1339 2747 1458 2838 α’ληθές

328 2874 390 2949 ἐστι
417 2887 480 2949 τών
507 2877 573 2976 περὶ
601 2883 664 2974 γῆν
692 2874 750 2950 καὶ
778 2869 851 2949 κατ’
878 2869 1012 2976 οὐρανὸν
1040 2871 1149 2948 ι’θντων
1172 2867 1378 2976 παράλλαξις
1401 2877 1458 2946 καὶ

327 2988 384 3071 διὰ
421 3008 559 3097 μακρῶν
595 2993 723 3098 χρόνων
758 2995 934 3097 γιγνομένη
972 3009 1035 3070 τὼν
1072 2996 1120 3071 ἐπὶ
1156 3005 1218 3096 γῆς
1248 2994 1320 3096 πυρὶ
1348 2998 1458 3097 πολλῷ

325 3120 439 3220 φθορά,
467 3141 580 3212 quam
607 3115 814 3189 doctrinam
842 3142 926 3190 cum
953 3116 1152 3189 convenire
1179 3140 1263 3188 cum
1291 3114 1333 3186 iis
1361 3138 1459 3210 quae

327 3236 407 3312 aliis
434 3236 524 3311 locis
550 3253 691 3312 statuat
720 3239 847 3312 Pumo
870 3237 1026 3336 (Politic.
1052 3265 1088 3337 p.
1118 3243 1191 3330 269
1216 3262 1313 3335 sqq„
1337 3237 1457 3334 Legg.

329 3360 395 3451 ΙΙΙ,
435 3388 470 3457 p.
503 3366 577 3455 677
595 3360 632 3432 A
670 3366 783 3459 sqq.)‚
821 3377 901 3435 tum
935 3361 1088 3434 omnino
1116 3359 1272 3434 aliorum
1300 3355 1459 3456 philoso-

328 3483 487 3580 phorum
524 3484 716 3557 sententiis
753 3483 1029 3582 (Orphicorum,
1071 3480 1251 3557 Heracliti
1287 3480 1459 3577 aliorum)

329 3604 486 3679 similem
514 3631 609 3699 esse,
639 3622 798 3705 apparet
826 3632 873 3680 ex
901 3606 943 3679 iis
972 3631 1070 3705 quae
1094 3607 1143 3680 ad
1166 3604 1288 3680 locum
1304 3604 1461 3678 adnotat

329 3727 570 3802 Sasuusnuu.

384 3851 445 3924 De
481 3851 535 3943 iis,
574 3875 673 3947 quae
708 3851 744 3924 in
772 3849 871 3925 libris
899 3852 960 3924 De
990 3848 1149 3948 Republ.
1179 3849 1323 3946 scriptis
1349 3872 1461 3945 expo-

331 3988 477 4064 nuntur,
520 3973 617 4048 Tim.
659 3973 755 4046 26C
791 3999 874 4070 sqq.
919 3975 954 4047 in
991 3973 1088 4046 hunc
1125 3972 1280 4046 modum
1317 3971 1463 4045 disserit

332 4095 488 4169 CRITms
526 4121 609 4170 cum
647 4095 824 4171 Socrate:
859 4093 934 4188 τοὺς
962 4095 998 4173 δὲ
1023 4103 1156 4187 πολίτας
1184 4098 1241 4172 καὶ
1269 4093 1328 4180 τὴν
1355 4095 1462 4195 πόλιν,

331 4213 371 4302 lv
399 4217 477 4322 χθὲς
505 4223 584 4321 ἡμῖν
614 4223 667 4309 ὡς
696 4221 736 4295 ἐν
759 4214 878 4323 μύθῳ
902 4220 1051 4323 διῄεισθα
1074 4212 1129 4319 σθ,
1152 4225 1208 4294 νῦν
1223 4215 1463 4320 μετενεγκόντες

333 4344 381 4418 ἐπὶ
413 4339 551 4434 ταληθές
578 4343 670 4445 θεῦρο
698 4345 840 4444 θήσομεν
870 4345 913 4433 ὡς
942 4345 1064 4430 ἐκείνην
1091 4343 1190 4425 τὴνθε
1218 4325 1334 4442 οὖσαν,
1362 4345 1462 4416 κ.τ.λ.

379 4601 405 4669 1)
425 4601 465 4651 Cf.
491 4599 603 4650 STALLB.
630 4599 663 4649 ad
687 4599 756 4666 Rep.
775 4599 871 4662 614B:
892 4599 1014 4664 „Etenim
1033 4600 1201 4650 continentur
1217 4599 1301 4664 mythi
1318 4599 1390 4665 apud
1407 4597 1464 4648 Pla-

331 4697 421 4739 tonem
440 4687 494 4738 sere
512 4687 621 4738 arctiore
637 4687 749 4754 quadam
767 4703 826 4738 cum
844 4687 902 4753 ipsa
921 4687 1106 4754 philosophiae
1125 4687 1244 4738 doctrina
1262 4685 1464 4753 necessitudine,

334 4791 412 4841 quam
430 4776 550 4842 plerique
569 4774 694 4841 suspicati
711 4774 789 4826 sunt'’
808 4790 831 4826 e.
841 4789 868 4840 q.
878 4791 900 4823 s.
