3724 5576
848 672 898 746 47

303 847 379 936 428
395 844 437 935 B,
477 871 553 942 quo
594 845 678 922 loco
716 847 869 946 Cratylo
905 849 992 923 dicit
1029 848 1242 922 Socmns:
1282 844 1338 926 ἐὰν
1377 835 1437 926 οίιν

303 966 402 1072 λέγῃς
428 1000 457 1046 τι
485 965 633 1060 καλλιον,
660 965 717 1048 ἕνα
741 985 803 1048 τῶν
826 977 982 1074 μαθητῶν
1005 978 1070 1076 περὶ
1085 971 1251 1075 ὀρθότητος
1265 966 1435 1074 σ’νομοίτων

304 1095 361 1165 καὶ
388 1087 444 1192 ἐμὲ
470 1087 594 1196 γριίρσν
606 1087 645 1189 1);
674 1093 835 1190 denique
864 1118 940 1188 413
957 1093 1016 1168 A:
1046 1088 1101 1172 ἅτε
1128 1095 1266 1197 λιπαρὴς
1294 1083 1337 1170 όιν
1365 1095 1435 1196 περὶ

303 1207 415 1314 αὑτοῦ,
448 1221 554 1292 ταῦτα
579 1212 639 1318 μὲν
666 1211 775 1294 ποίντα
803 1217 1024 1319 διαπέταισμοιι
1053 1215 1085 1292 ἐν
1113 1213 1302 1320 ἀπορρήτοις
1335 1221 1437 1291 κ.τ.λ.

302 1348 341 1405 et
381 1359 466 1407 cum
506 1349 676 1409 veterum
718 1335 839 1410 effatis
880 1361 927 1411 ea
963 1361 1062 1434 quae
1097 1335 1179 1434 ipse
1214 1335 1301 1408 dicit
1337 1361 1436 1409 com-

304 1470 433 1550 parat:
473 1457 631 1532 Phaedr.
675 1482 747 1553 235
765 1459 815 1532 B:
854 1468 954 1537 Τοῦτο
991 1458 1052 1564 ἐγώ
1089 1490 1137 1537 σοι
1176 1454 1279 1536 οὐκέτι
1311 1454 1377 1550 οἷός
1403 1491 1435 1536 τε

304 1574 419 1681 ἔσομαι
445 1585 615 1659 πείθεσθαι.
642 1589 776 1660 παλαιοί
804 1578 869 1687 γὰρ
896 1588 953 1660 καί
980 1583 1069 1686 σαροῖ
1098 1575 1213 1684 σ’ίνδρες
1239 1613 1272 1658 τε
1296 1589 1352 1658 καὶ
1376 1612 1440 1686 γν-

303 1711 411 1794 ναῖκες
447 1709 513 1806 περὶ
540 1701 646 1782 αὐτῶν
673 1703 829 1809 εἰρηκότες
856 1706 914 1782 καὶ
937 1703 1129 1808 νενραφότες
1152 1703 1358 1807 ἐξελίγξονσί
1379 1735 1433 1806 με,

302 1821 358 1900 ε’σίν
386 1856 435 1903 σοι
464 1825 677 1932 χαριζόμενος
699 1821 911 1930 σνγχωρῖ·’)
935 1841 1014 1899 tum
1038 1825 1200 1922 denique
1214 1824 1263 1898 ad
1279 1822 1434 1897 aliorum

303 1944 491 2020 doctrinas
539 1947 819 2046 investigandas
868 1946 962 2022 alios
1007 1947 1247 2023 adhortatur:
1291 1945 1433 2044 Cratyl.

305 2091 377 2160 401
399 2067 458 2142 A:
495 2073 523 2147 εί
557 2055 614 2148 οὗν
650 2066 775 2175 βοόλει,
811 2086 982 2174 σκοπῶμεν
1021 2069 1122 2175 ὧσπερ
1150 2069 1345 2174 προειπόντες
1372 2079 1438 2163 τοῖς

304 2196 398 2293 θεοῖς,
433 2191 480 2269 ότι
516 2200 582 2297 περὶ
620 2191 725 2272 αὐτῶν
762 2191 855 2271 οὐδὲν
890 2198 984 2296 ἡμεῖς
1011 2193 1197 2297 σκεψόμεθα
1226 2236 1278 2246 -
1307 2190 1344 2270 οίι
1370 2187 1437 2296 γᾶρ

305 2311 458 2418 οἷξιοιῖμεν
487 2311 549 2393 οἷοί
572 2313 645 2394 τ’ίιν
674 2315 755 2394 εῖναι
784 2325 912 2393 σκοπεῖν
940 2359 992 2370 -
1021 2311 1111 2393 α’λλδι
1138 2320 1292 2419 περὶτῶν
1316 2313 1439 2417 οἶνθρό-

304 2467 385 2538 πων,
408 2433 449 2521 ἥν
472 2435 546 2516 τινοί
567 2469 640 2516 ποτε
664 2437 768 2531 δόξαν
792 2435 919 2542 ἔχοντες
943 2440 1075 2514 ἐτίθεντο
1090 2433 1199 2529 αὐτοῖς
1212 2431 1253 2514 τό
1267 2435 1435 2539 ὀνόματα·

302 2566 394 2635 τοῦτο
412 2554 478 2662 γὰρ
491 2559 699 2664 οίνεμέσςτσν,
714 2559 762 2632 ad
779 2584 889 2658 quem
900 2556 1023 2632 locum
1034 2558 1224 2655 respicitur
1234 2583 1282 2651 42
1289 2579 1308 2652 5
1323 2558 1433 2655 Bsq.:

305 2676 462 2785 Ἐοίσομεν
490 2667 561 2785 οἷον,
588 2683 609 2766 ἢ
639 2678 748 2787 βσόλει
776 2679 889 2784 οὕτως,
917 2681 1001 2774 όπως
1028 2679 1069 2760 θιν
1098 2679 1285 2785 δυνώμεθα,
1313 2686 1370 2758 καῖ
1393 2679 1434 2760 ἂν

302 2803 438 2909 σμικρόν
465 2837 495 2882 τι
522 2801 628 2884 αὐτῶν
657 2799 769 2883 οἷοίτ’
795 2795 880 2908 εἶμεν
908 2805 1066 2906 κατιδεῖν,
1093 2805 1312 2910 ἐπιχειρῶμεν,
1335 2835 1434 2908 προει-

303 2926 427 3030 πόντες,
463 2926 564 3033 ὥσπερ
596 2929 705 3031 ὀλίγον
732 2926 885 3030 πρότερον
912 2935 978 3016 τοῖς
1006 2930 1100 3029 θεοῖς,
1127 2926 1173 3004 ότι
1201 2921 1294 3003 οὐδὲν
1321 2925 1436 3018 εἰδότες

303 3063 362 3142 τῆς
393 3048 547 3144 α’ληθείας
573 3045 615 3129 τδι
640 3064 703 3128 τῶν
731 3047 905 3154 οῖνθρόιπων
933 3047 1090 3152 δόγματα
1118 3054 1185 3152 περὶ
1213 3043 1319 3125 αὐτῶν
1348 3043 1438 3124 εῖκοί-

305 3183 416 3275 ζομεν,
443 3168 525 3251 οὕτω
552 3179 653 3250 κ.τ.λ.

359 3295 533 3392 Denique
557 3294 711 3369 afferam
737 3294 926 3370 Phaedon.
956 3299 1003 3390 78
1020 3293 1070 3385 A,
1095 3317 1171 3391 quo
1194 3289 1278 3364 loco
1302 3290 1434 3366 Cebeti

304 3419 471 3516 roganti:
511 3419 612 3498 Πόθεν
649 3404 720 3510 οὖν,
759 3409 784 3496 όν
819 3417 998 3525 Σόικρατες,
1035 3433 1097 3496 τῶν
1128 3408 1278 3493 τοισίιτων
1307 3412 1433 3516 σίγαθδν

305 3541 426 3642 ἐπῳδόν
475 3540 658 3645 ληψόμεθα,
706 3540 812 3626 ἐπειδὴ
855 3537 932 3639 σόὸ)
972 3546 1064 3645 ἡμᾶς
1103 3536 1300 3639 ἀπολείπεις,
1341 3536 1434 3608 haec

305 3662 508 3760 respondet
545 3663 758 3738 SOCRATES:
797 3662 909 3748 Πολλὴ
947 3661 1007 3766 μὲν
1044 3666 1066 3746 ιθ
1093 3655 1227 3762 Ἐλλοίς,
1260 3649 1284 3734 όν
1313 3657 1434 3763 Κέβης,

305 3787 337 3862 ἐν
365 3779 387 3888 ᾗ
413 3783 503 3865 ἔνεισι
531 3818 589 3865 πον
619 3788 739 3891 ἀγαθοί
768 3779 897 3889 ἅνδρες,
925 3779 1031 3863 πολλοὶ
1059 3781 1096 3860 δὲ
1123 3789 1179 3859 καῖ
1201 3776 1243 3859 τδι
1264 3795 1327 3859 τῶν
1351 3785 1435 3885 βαρ·

305 3905 418 4012 βοίρων
446 3910 539 4013 γένη,
567 3905 641 4002 οὓς
668 3907 836 4000 πσίντας
863 3907 946 4013 χρὴ
971 3909 1278 4009 διερευνᾶσθαι
1304 3912 1434 3999 ζητοῦν·

302 4105 407 4168 βίβλους
431 4104 468 4164 ὥς
493 4103 648 4169 τάχιστα
674 4099 723 4153 οῖθ
729 4121 741 4162 ς
766 4103 791 4152 τ’
808 4099 823 4160 ἦ
839 4101 1030 4166 ἀνεγίγνωσκον,
1052 4097 1083 4148 ‘lv’
1106 4097 1137 4157 ὥς
1160 4096 1281 4162 τάχιστα
1303 4097 1390 4156 εδδιίιιν
1406 4099 1437 4148 τὸ

301 4191 439 4256 Bias-cmv
455 4193 497 4244 καῖ
510 4194 540 4243 πῖ
553 4193 644 4257 χεῖρον.
659 4189 756 4238 Iterum
771 4188 817 4252 qui
833 4187 867 4237 sit
875 4187 985 4238 aliorum
994 4183 1180 4236 sententiarum
1189 4183 1430 4249 cognoscendarum

303 4279 362 4329 finis
380 4287 498 4346 apparet.

350 4367 376 4433 ι)
395 4367 443 4417 Per
460 4365 583 4432 ἰτοιιῖαιιις
602 4364 648 4415 sed
665 4364 715 4414 hoc
735 4361 802 4413 nihil
819 4361 853 4411 nd
870 4375 933 4410 rem.

345 4453 374 4522 α)
392 4453 434 4504 Cf.
452 4454 513 4504 adn.
534 4467 545 4503 1
566 4461 592 4504 et
611 4467 671 4519 pag.
690 4448 725 4514 48
741 4449 801 4500 adn.
817 4461 841 4498 2.
859 4446 927 4497 Vide
943 4453 1076 4512 praeterea
1090 4441 1191 4494 Phileb.
1208 4440 1242 4494 28
1253 4443 1274 4494 C
1285 4457 1325 4508 sq.
1335 4441 1430 4508 ibique

303 4539 418 4592 Suu».

345 4628 374 4695 3)
392 4627 433 4679 Cf.
457 4629 542 4678 locum
559 4627 668 4678 Tbeaet.
690 4625 771 4692 157C
790 4639 868 4689 suprn
885 4621 1027 4686 laudatum,
1045 4635 1098 4685 quo
1117 4619 1175 4668 loco
1194 4617 1333 4669 Socmsss
1352 4617 1429 4668 dicit:

300 4713 330 4762 ολ
347 4711 375 4762 tt
392 4710 527 4774 μαιεθσμαι
544 4711 587 4762 καλ
601 4710 695 4761 τσθτσν
712 4707 784 4760 'tvm
802 4705 885 4774 ῖπβδιν
903 4714 978 4756 καλ.
