3654 5564
800 621 848 713 87

262 822 319 892 καὶ
354 815 454 918 μελος
489 815 660 918 ἐλευθέρων
698 801 741 894 αὖ
779 821 836 894 καὶ
871 818 1033 921 σχήματα
1059 823 1221 910 ξυνθεῖοοιι
1247 817 1390 926 ῥυθμοὺς

261 932 385 1014 δούλων
423 945 479 1016 καὶ
518 937 728 1040 ἀνελευθέρων
764 939 1025 1043 προσαρμόττειν,
1062 935 1131 1017 οὐδ’
1167 927 1209 1017 oui
1248 939 1390 1046 ῥυθμοὺς

261 1065 316 1136 καὶ
357 1072 475 1163 σχῆμα
511 1057 681 1163 ἐλευθέριον
717 1060 878 1138 ὑποθεῖσαι
915 1061 1016 1163 μελος
1054 1061 1076 1144 ἢ
1114 1060 1210 1164 λόγον
1247 1065 1388 1142 ἐναντίον

258 1179 435 1260 οἷποδοῦυαι
462 1191 528 1273 τοῖς
554 1185 703 1285 ῥυθμοῖς,
731 1178 773 1258 ἔτι
801 1181 837 1258 δὲ
860 1187 977 1286 θηρίων
1000 1177 1109 1286 φωνὰς
1137 1189 1192 1260 καὶ
1216 1182 1389 1288 π’νθρῶπων

258 1307 313 1381 καὶ
350 1300 495 1407 σ’ργσῖνων
532 1310 589 1380 καὶ
626 1299 751 1396 ποίντας
786 1303 906 1408 ψόφους
942 1309 985 1397 εἰς
1020 1302 1119 1382 ταύτὸ
1155 1302 1215 1382 οὐκ
1248 1302 1289 1384 ἄν
1316 1339 1389 1388 ποτε

257 1431 408 1530 ξυνθεῖεν,
432 1429 476 1517 ὡς
499 1421 529 1504 ἕν
551 1457 582 1502 τε
605 1422 826 1530 μιμούμεναι·
851 1434 980 1517 ποιηταὶ
1003 1423 1035 1505 δ’
1058 1427 1248 1531 ἀνθρώπινοι
1263 1431 1389 1535 σφόδρα

256 1543 297 1626 coi
325 1556 460 1625 τοιαῦτα
486 1547 695 1649 ἐμπλέκοντες
722 1556 779 1626 καὶ
807 1563 1029 1650 συγκυκῶντες
1056 1548 1186 1652 α’λόγως
1212 1548 1324 1654 γελωτ’
1347 1553 1388 1633 ἂν

256 1667 528 1773 παρασκευάζοιεν
547 1684 610 1746 τῶν
626 1668 799 1774 ἀνθρώπων
814 1669 908 1762 ὅσους
920 1673 1015 1772 φησὶν
1030 1665 1159 1774 Ὀρφεὺς
1174 1677 1288 1777 λαχεῖν
1302 1673 1389 1780 ὥραν

258 1805 315 1884 τῆς
341 1793 476 1896 τέρψιος.

311 1913 371 1988 Sic
401 1914 609 1988 Homerum
638 1938 751 1987 exre
779 1911 927 2010 publica
955 1938 1068 2010 quam
1096 1915 1164 1988 sibi
1188 1914 1303 2010 finxit,
1327 1940 1386 1994 ex·-

259 2037 532 2112 terminandum
560 2061 643 2110 esse
671 2049 797 2110 censet
825 2037 964 2110 Fumo.
981 2032 1007 2132 1)

312 2159 372 2234 Sic
405 2159 567 2256 denique
595 2158 691 2254 Rep.
722 2158 844 2252 607ss
872 2158 1013 2249 dicitur,
1039 2157 1084 2236 ὅτι
1106 2155 1234 2237 παλαιὰ
1258 2161 1319 2264 μέν
1341 2195 1389 2256 τις

257 2277 396 2387 διαφορὰ
425 2287 594 2384 φιλοσοφίᾳ
620 2312 653 2357 τε
680 2287 737 2358 καὶ
765 2276 969 2386 matutimis)

312 2405 421 2499 Quae
449 2419 575 2478 tamen
604 2402 653 2476 ad
676 2403 796 2500 ipsam
819 2413 980 2499 poeseos
1004 2418 1174 2476 naturam
1189 2429 1265 2479 nou
1279 2407 1387 2503 perti·

258 2542 367 2602 nent:
391 2526 440 2601 de
459 2550 534 2623 qua
549 2524 660 2622 plane
674 2521 780 2599 aliter
794 2525 930 2598 iudicat
945 2525 1091 2599 Pmo:
1108 2551 1221 2622 quam
1236 2529 1387 2603 omnino

258 2675 333 2723 non
357 2644 609 2747 contemnit‚³)
633 2673 747 2747 quam
771 2647 936 2722 divinam
958 2673 1041 2722 esse
1064 2664 1203 2742 censet,
1218 2646 1245 2747 ⁴)
1260 2675 1386 2746 quam,

257 2771 341 2847 licet
368 2772 417 2845 ad
445 2769 703 2870 philosophiae
726 2771 924 2845 veritatem
948 2795 1022 2845 non
1046 2771 1202 2845 accedat
1215 2770 1287 2865 illa,
1302 2772 1388 2849 licet

258 2895 307 2969 ad
329 2895 434 2988 δόξαν
456 2894 641 2992 pertineat
663 2894 784 2991 magis
807 2918 919 2991 quam
943 2893 992 2967 ad
1015 2895 1205 2996 ἐπιστήμην,
1229 2894 1385 2970 multum

259 3033 384 3090 tamen
411 3014 538 3091 valere
566 3031 673 3112 putat
700 3015 750 3088 ad
775 3015 922 3088 animos
949 3015 1082 3088 virtute
1110 3015 1345 3092 excolendos.
1358 3016 1385 3116 ὅ)

304 3201 329 3267 1)
348 3201 388 3250 Cf.
408 3201 550 3250 Scuuuuu
567 3199 618 3250 o.l.
639 3214 699 3264 pag.
718 3196 760 3247 28.

301 3285 330 3352 ε)
348 3287 388 3337 ef.
413 3287 446 3336 de
467 3284 517 3336 huc
541 3301 567 3335 re
591 3285 735 3334 Humum!
754 3283 807 3333 o.l.
826 3299 886 3348 pag.
907 3294 958 3347 309
976 3283 1036 3332 edu.
1057 3291 1122 3350 2053
1141 3285 1177 3335 H.
1196 3285 1271 3352 Wus,
1289 3286 1385 3338 Ploto's

257 3374 373 3424 Politeia.
393 3373 518 3438 Amhem,
537 3371 631 3422 Goudo
648 3371 741 3436 Quint,
761 3368 837 3435 1885.
856 3385 916 3435 pag.
934 3379 968 3434 54
983 3377 1008 3419 et
1024 3368 1084 3419 edu.
1095 3381 1137 3433 93.
1149 3371 1268 3422 Ceterum
1278 3373 1386 3424 interest

257 3463 325 3512 inter
343 3462 435 3527 poesin
453 3467 479 3510 et
498 3459 600 3525 poesin.
618 3457 761 3524 „Nimirum
779 3457 913 3522 lyrica...
932 3457 1020 3522 poesis
1038 3458 1172 3522 cognatior
1190 3459 1241 3524 ipsi
1260 3459 1384 3528 [Platoni]

258 3549 313 3599 visa
340 3555 378 3598 eut
405 3562 480 3597 verne
504 3545 626 3613 musicae,
650 3545 668 3594 i.
678 3561 701 3595 e.
725 3544 908 3610 philosophiae
932 3543 1022 3610 [quam
1047 3543 1158 3612 epioe].”
1182 3544 1329 3611 (ὅπλισμα,
1352 3548 1385 3598 od

254 3634 363 3685 Phoedr.
382 3633 488 3701 243A).

300 3723 328 3790 3)
346 3723 386 3773 Ci.
405 3722 473 3772 Tim.
495 3723 576 3786 19D:
595 3717 650 3769 oiim
667 3720 697 3768 τὸ
715 3718 841 3775 ποιητικὸν
859 3716 993 3783 ἀτιμάζειν
1012 3715 1149 3780 γίνες....

301 3808 330 3874 4)
347 3808 487 3859 Sulcum
502 3806 545 3856 ολ.
562 3823 621 3872 pag.
641 3820 684 3870 14:
705 3807 775 3872 „Das
791 3807 887 3857 hohere
903 3807 1084 3858 Geisteslebeu
1095 3808 1141 3857 des
1150 3807 1274 3858 Dichters
1283 3809 1315 3859 ist
1325 3809 1382 3859 eine

256 3895 438 3948 unmittelbare
463 3894 688 3961 Gottesgabep..
713 3895 763 3944 Die
789 3894 873 3961 Kluit,
897 3894 939 3944 die
964 3902 1036 3944 sonst
1059 3893 1106 3944 des
1126 3894 1304 3944 Menschliche
1323 3911 1383 3946 vom

257 3983 408 4034 Gottlichen
429 3989 525 4049 trennt,
543 3983 577 4032 ist
593 3982 651 4032 hier
668 3981 750 4031 durch
768 3981 846 4031 einen
864 3980 969 4046 Sprung
987 3980 1189 4031 iiberwonden.’'

301 4070 349 4121 lon
370 4080 419 4135 535
432 4071 469 4119 A:
488 4067 534 4115 καί
548 4083 589 4126 μοι
607 4064 718 4116 δοκοῦσιν
733 4065 785 4132 θείᾳ
799 4066 872 4132 μοίρᾳ
887 4063 944 4127 ἡμῖν
959 4067 1026 4128 παρὰ
1039 4069 1090 4114 νῦν
1104 4064 1161 4114 θοῦν
1170 4068 1255 4115 ταῦτα
1264 4065 1384 4129 οἱὶγαθολ

254 4152 356 4212 ποιηταὶ
372 4149 517 4214 ἑρμηνεύειν.
535 4155 576 4205 Cf.
595 4155 735 4206 Smmm
755 4154 798 4204 o.l.
818 4169 877 4220 pag.
899 4153 939 4203 16.

299 4243 327 4311 5)
345 4243 385 4293 Cf.
411 4243 443 4292 de
467 4242 500 4292 iis
525 4257 592 4307 quae
617 4242 649 4291 de
674 4241 748 4306 poesi
773 4241 815 4290 hic
839 4241 969 4302 dicuntur,
995 4241 1059 4290 Huc
1084 4240 1117 4290 od
1138 4240 1257 4306 Sympos.
1284 4253 1335 4304 209
1345 4242 1384 4290 A:

254 4328 312 4388 ,καὶ
335 4328 360 4376 οἱ
380 4325 482 4383 ποιηταὶ
504 4324 604 4382 πάντες.
627 4329 682 4377 Dus
706 4326 848 4376 klassische
873 4327 1020 4376 Alterthum
1039 4327 1122 4377 keunt
1141 4327 1184 4376 die
1202 4326 1314 4377 Theorie
1333 4342 1384 4376 von

256 4417 301 4468 der
319 4415 565 4480 Teudeuulosigkeit
583 4414 629 4464 der
648 4414 738 4463 Poesie
757 4413 838 4464 nicht.
858 4413 912 4462 Der
931 4413 1016 4462 wchre
1035 4413 1127 4463 werth
1143 4413 1188 4462 des
1204 4413 1325 4463 Dichters
1340 4413 1385 4463 be·

256 4504 323 4554 steht
349 4503 376 4552 in
401 4503 448 4552 der
471 4501 623 4565 Forderung
643 4500 689 4549 der
708 4500 832 4550 Eiusicht
846 4500 900 4550 und
919 4499 1030 4565 Tugend
1048 4507 1124 4549 uuter
1142 4499 1193 4550 deu
1213 4500 1385 4566 Mitbiirgern.

256 4591 287 4640 ln
312 4591 410 4640 diesem
434 4589 536 4639 Punkte
561 4589 681 4638 stimmen
705 4587 787 4638 seibst
811 4587 853 4638 die
878 4587 973 4638 beiden
999 4587 1150 4652 Antipodeu
1171 4586 1315 4651 Aeschylos
1333 4588 1388 4637 und

259 4677 398 4744 Euripides
417 4675 551 4727 iiberein.''
