3654 5564
782 675 848 726 121

249 847 460 948 cidem‚¹)
485 847 777 950 Sibyllam‚⁹)
805 851 1195 951 Amphilytum,')
1219 855 1378 958 quiypn·

249 975 376 1074 σμῳδοί
399 973 647 1046 nominantur.
659 971 686 1071 ⁴)

302 1093 378 1166 Sed
415 1096 509 1168 haec
541 1096 731 1169 hactenus.
763 1095 1015 1170 Consideratis
1042 1097 1084 1171 iis
1111 1123 1209 1195 quae
1237 1096 1342 1172 attuli
1353 1095 1379 1195 ⁶)

296 1339 322 1406 1)
341 1339 380 1389 Cf.
407 1340 438 1389 de
463 1340 513 1390 hoc
538 1339 644 1390 Serum
670 1340 740 1405 apud
765 1341 895 1390 Rosciana
919 1341 936 1390 i.
947 1357 982 1408 v,
1006 1349 1032 1392 et
1056 1342 1183 1409 imprimis
1208 1342 1289 1391 Kuarr
1308 1342 1379 1406 apud

248 1427 499 1492 Pauus-Wlssowa;
521 1442 617 1476 nomen
639 1427 741 1477 videtur
762 1443 819 1478 esse
840 1428 1038 1494 appellativum,
1058 1428 1130 1494 quod
1148 1429 1195 1494 qui
1209 1428 1379 1478 derivandum

248 1514 292 1580 ait,
309 1515 436 1564 incertum
455 1523 502 1564 est.

293 1601 322 1668 2)
340 1601 381 1652 Cf.
409 1603 502 1652 Pauus
524 1597 576 1653 lv.
605 1603 660 1652 Iam
683 1609 744 1652 aute
768 1603 920 1652 Pmuorrum
938 1602 1065 1667 Sibyllam
1083 1611 1265 1653 commemorat
1284 1603 1380 1652 Haun-

246 1699 340 1738 ουτος
358 1689 427 1754 apud
448 1689 604 1741 Pauraucri.
624 1689 656 1739 de
676 1689 750 1754 Pyth.
769 1705 805 1738 or.
826 1689 841 1738 6
861 1705 888 1754 p.
908 1701 958 1752 397
970 1691 994 1739 A
1012 1688 1118 1756 (Dlars,
1136 1691 1237 1754 Fragm.
1252 1690 1299 1740 der
1314 1690 1379 1738 Vor-

245 1775 341 1825 solrrat.
358 1792 418 1841 pag.
437 1787 479 1842 79,
494 1777 524 1826 fr.
541 1775 601 1843 92):
617 1774 730 1834 Σίβυλλα
747 1771 774 1822 ll
788 1772 935 1835 petrapium
949 1775 1063 1835 στόματι
1077 1773 1131 1823 καθ’
1146 1771 1306 1836 Ἡράκλειτον
1320 1772 1382 1836 ayl-

245 1869 333 1908 λιστα
356 1859 398 1908 real
418 1859 605 1910 ἂκιλλὺπιστα
623 1860 666 1910 aral
682 1859 810 1922 ἀμύριστα
827 1858 984 1924 pimenius
1002 1860 1093 1923 χιλίων
1110 1857 1173 1910 iria
1190 1859 1322 1926 ἦξικνιῖται
1338 1862 1380 1916 riis

244 1944 322 2005 peras
339 1939 380 1992 aa
398 1944 441 1992 τὸν
460 1941 518 1993 latr.
538 1945 642 2012 [Draus
661 1945 828 1997 Herakleitos
846 1962 898 1995 von
917 1945 1046 2012 Ephesos,
1065 1962 1124 2011 pag.
1141 1959 1174 1996 22
1191 1946 1311 1996 adnotat:
1324 1945 1380 2010 ,sis

245 2031 328 2098 bylle,
352 2033 480 2083 natiirlich
501 2049 553 2082 von
572 2031 732 2099 Erythrai.”]
753 2033 793 2082 Cf.
812 2034 931 2098 Gaul’Pu,
951 2033 1027 2083 Culte
1045 2033 1100 2083 und
1120 2032 1236 2098 Mythen.
1257 2033 1378 2097 Anhang.

246 2117 314 2186 548.
339 2120 390 2169 Die
414 2119 613 2185 sibyllinischen
638 2121 855 2186 Weissagungen,
873 2136 933 2186 pag.
953 2120 1013 2183 676.
1034 2121 1155 2171 Ceterum
1175 2136 1232 2170 cum
1251 2136 1318 2186 quae
1336 2120 1379 2169 hic

246 2206 279 2256 de
303 2205 433 2254 vaticiniis
457 2205 581 2255 dicuntur
598 2205 747 2271 Sibyllinis,
766 2215 820 2255 tum
838 2222 877 2272 ea,
896 2222 962 2272 quae
980 2207 1168 2256 recentioribus
1187 2207 1297 2256 maxime
1316 2215 1378 2256 tem·

245 2292 354 2359 poribus
380 2293 412 2342 de
436 2291 469 2342 iis
494 2298 554 2342 sunt
579 2292 685 2358 scripta,
709 2293 817 2342 omuino
841 2292 891 2343 huc
916 2308 970 2342 non
995 2294 1142 2360 pertinent3
1167 2309 1245 2359 quam
1269 2295 1302 2343 ob
1324 2309 1377 2342 rem

245 2379 325 2428 missa
344 2395 374 2428 ea
393 2378 434 2428 hic
452 2378 529 2428 facio.

293 2465 321 2533 3)
339 2466 380 2515 De
406 2465 560 2530 Amphilyto
585 2465 619 2515 cs.
644 2466 882 2516 Pauly-wissowa
906 2467 934 2515 in
959 2481 1036 2533 voce,
1061 2468 1172 2534 Rosius,
1191 2467 1298 2532 Psyche,
1318 2482 1378 2531 pag.

245 2562 297 2617 353
316 2551 376 2602 adn.
399 2563 421 2601 1.

292 2639 321 2706 4)
339 2639 437 2705 Theag.
465 2640 565 2702 124D:
590 2643 642 2687 ΣΩ.
667 2634 751 2695 ΕἸποις
774 2635 803 2686 Pu
826 2633 866 2686 aiv
890 2655 932 2699 μοι
955 2638 1013 2688 τίνα
1030 2635 1170 2699 damascius
1185 2636 1244 2702 ’ἔχει
1261 2636 1333 2695 Βάκις
1350 2653 1379 2686 rr

244 2723 289 2773 ul
305 2725 418 2786 Σίβυλλα
435 2723 477 2772 nal
493 2727 506 2772 l
523 2721 650 2784 ἡμεδαπὸς
668 2725 840 2786 'Appianorum

289 2813 337 2856 OE.
355 2807 417 2856 Tira
433 2809 482 2868 γὰρ
500 2804 589 2864 itanu,
605 2802 623 2854 ὖ
641 2803 775 2868 Σόκρατις,
792 2804 857 2863 πλήν
873 2823 905 2869 γε
921 2805 1079 2870 meppiam

288 2895 339 2938 ΣΩ.
358 2888 446 2951 Ὀρθῶς
463 2887 554 2951 λέγεις.

262 2989 266 2996 ’
293 2975 371 3038 Quod
395 2975 427 3024 ad
452 2975 601 3026 universum
625 2974 711 3025 locum
729 2975 762 3024 ci.
781 2977 891 3040 Rormu,
911 2976 1018 3042 Psyche,
1039 2976 1084 3041 qui
1103 2991 1180 3041 pagg.
1201 2987 1261 3038 349.
1281 2988 1298 3036 4
1316 2989 1376 3038 sqq.

246 3062 329 3112 fusius
347 3063 379 3111 de
398 3069 454 3111 toto
472 3062 522 3112 hoc
541 3062 705 3112 fatidicorum
724 3078 818 3128 genere
838 3063 900 3127 egit.

291 3149 412 3199 Ceterum
431 3149 550 3216 plerique
569 3149 618 3199 viri
636 3150 707 3199 docti
723 3149 855 3214 'I'heagem
871 3150 1003 3216 dialogum
1017 3150 1184 3200 subditicium
1195 3164 1250 3198 esse
1259 3153 1375 3198 censent:

244 3252 371 3302 meyero,
387 3251 445 3285 cum
461 3237 528 3286 nihil
544 3244 629 3286 extare
645 3238 771 3302 videatur,
787 3237 859 3302 quod
875 3245 903 3286 ut
915 3253 973 3287 eum
987 3237 1121 3287 reiciamus
1131 3235 1236 3285 suadeat
1245 3232 1289 3300 (ci.
1302 3234 1377 3282 Hom

244 3323 297 3374 o.l.
314 3323 341 3372 11
359 3339 419 3388 pag.
439 3337 505 3385 242:
527 3325 591 3388 ,En
609 3340 744 3389 somme,
762 3323 777 3374 i
797 3340 924 3389 propos
942 3324 981 3374 de
1000 3341 1035 3374 ce
1051 3324 1212 3390 dialogue
1226 3336 1326 3373 comme
1342 3320 1375 3370 de

245 3410 272 3459 la
297 3409 401 3476 plnpart
426 3410 459 3460 de
480 3426 545 3460 ceux
564 3411 611 3476 qui
629 3409 780 3477 precedent,
798 3410 880 3461 l’une
900 3419 932 3460 et
949 3411 1059 3461 l¹autre
1079 3410 1284 3461 conclusion
1304 3423 1377 3472 peu·

244 3503 327 3546 veut
351 3512 384 3546 se
409 3496 590 3563 defeudre,
613 3498 675 3548 bien
701 3514 751 3564 quc
777 3498 803 3548 la
820 3499 917 3563 grande
936 3498 1052 3562 majorite
1071 3499 1117 3548 des
1135 3498 1259 3563 critiques
1277 3495 1375 3545 incline

244 3584 260 3632 a
279 3582 305 3633 le
323 3583 438 3634 declarer
456 3584 644 3651 apocryphc''),
664 3601 722 3635 cum
741 3585 773 3635 iis
791 3586 876 3636 iacere
895 3602 948 3635 non
968 3601 1054 3652 posse,
1072 3585 1241 3636 consideratis
1261 3598 1327 3648 quae
1348 3581 1375 3630 in

245 3671 379 3734 prooemio
396 3670 429 3720 de
448 3671 495 3722 hac
514 3687 541 3721 re
559 3671 624 3738 dixi,
643 3672 705 3722 satis
724 3671 775 3721 iam
794 3672 842 3722 erit
862 3673 1036 3737 perspicuum.

292 3755 320 3823 5)
339 3757 426 3806 Facile
444 3773 476 3808 ex
495 3757 617 3807 omnibus
635 3758 675 3808 his
695 3759 859 3824 perspicitur,
877 3759 985 3808 multum
1005 3761 1139 3810 Puacoms
1156 3759 1302 3823 discrepare
1319 3771 1376 3806 sen-

246 3843 354 3892 tentiam
379 3860 394 3894 a
414 3845 513 3909 vulgari
529 3845 685 3894 Graecorum
706 3845 738 3894 de
757 3846 872 3895 barbaris
891 3847 1026 3912 opinione,
1045 3862 1122 3911 quam
1141 3847 1255 3896 referunt
1274 3845 1377 3894 Paucu-

246 3931 381 3980 Wrssowa
399 3939 425 3980 et
443 3931 570 3995 imprimis
586 3933 762 3981 Daauuussao
778 3940 804 3981 et
821 3932 922 3982 Saeuo
937 3948 987 3982 ο.ο.
1002 3932 1038 3982 l.l.
1055 3933 1099 3982 i.v.
1109 3933 1230 3983 barbarol
1240 3931 1376 3998 (barbari).

248 4017 286 4066 Hi
304 4032 375 4082 vero,
393 4033 556 4067 communem
573 4019 640 4068 hanc
658 4019 799 4069 referentes
813 4019 974 4085 opinionem,
988 4036 1046 4069 cum
1062 4037 1115 4070 non
1131 4020 1228 4070 addant
1243 4021 1378 4069 Pmnoms

246 4105 394 4167 oppositam
410 4105 566 4154 sententiam
583 4131 619 4144 -
637 4106 702 4155 alter
717 4106 824 4155 omnino
839 4121 892 4155 non
902 4113 1084 4156 commemorat
1094 4107 1236 4172 Platonem,
1246 4106 1311 4156 duos
1321 4114 1377 4154 tan·

246 4200 300 4241 tum
316 4192 388 4256 parvi
404 4191 529 4241 momenti
544 4193 617 4242 affert
632 4192 703 4242 locos
718 4192 783 4242 alter
794 4220 839 4258 —,
848 4193 926 4257 paulo
937 4193 1079 4258 iniquiores
1093 4209 1119 4243 se
1130 4195 1255 4258 praebent
1265 4191 1376 4242 Platoni.

246 4279 347 4330 Saeuo
365 4295 435 4345 sane,
453 4280 553 4345 vulgari
572 4281 693 4345 exposita
711 4281 837 4346 opinione
855 4280 942 4330 addit:
964 4280 1042 4345 ,c’cst
1060 4280 1215 4346 l'acception
1233 4281 1278 4346 qui
1294 4279 1376 4344 apre-

247 4366 315 4430 valu,
333 4365 396 4414 mais
415 4364 465 4415 elle
484 4366 591 4416 sonleva
606 4366 645 4416 les
661 4367 846 4431 protestatione
861 4367 893 4418 de
910 4368 1038 4434 quelques
1054 4368 1134 4417 Grecs
1144 4367 1190 4418 d‘es
1200 4363 1375 4432 l’antiquite';”

247 4459 273 4502 at
296 4468 349 4501 non
372 4452 456 4502 solum
481 4453 549 4502 inter
572 4453 620 4503 hos
643 4453 756 4503 Graecos
780 4470 834 4503 non
859 4461 992 4504 enumerat
1016 4455 1150 4504 Platonem
1174 4453 1266 4521 (unum
1286 4453 1376 4502 Erato·

245 4539 362 4589 sthenem
380 4547 571 4606 commemorat,
589 4542 662 4590 cuius
681 4540 751 4606 apud
767 4540 935 4591 spasmum
950 4541 1054 4591 effatum
1064 4557 1143 4606 supra
1152 4538 1277 4608 laudavi),
1286 4555 1375 4589 verum

245 4625 322 4674 etiam
347 4625 427 4690 partis
445 4627 552 4676 huiusce
571 4627 643 4690 vulgi
662 4627 797 4692 opinionis
816 4627 992 4677 testimouium
1006 4628 1079 4677 affert
1095 4643 1125 4677 ex
1144 4629 1376 4694 Pnuronrskepu-

247 4711 315 4764 blica
338 4712 433 4780 locum,
457 4715 503 4778 qui
526 4714 609 4780 locus,
633 4715 683 4764 etsi
707 4715 883 4764 demonstrare
907 4730 961 4763 non
980 4715 1091 4778 videtur,
1109 4717 1181 4782 quod
1199 4725 1252 4767 erat
1271 4717 1376 4768 demon·
