3724 5576
955 628 1007 699 40

411 807 530 880 minus
553 820 652 880 recte
676 805 802 878 laudet
825 802 885 877 vel
910 803 1029 876 minus
1052 827 1142 876 vera
1166 821 1447 896 commemoret,
1473 822 1545 882 aut

413 928 531 1000 minus
560 941 658 1000 recte
685 925 831 1017 iudicet,
862 950 921 998 me
949 924 985 996 id
1014 924 1195 998 dicturum
1223 950 1316 999 esse.
1330 921 1356 1023 ¹)

473 1192 529 1264 15.
561 1170 658 1243 lam
695 1184 872 1259 restat,
910 1183 961 1241 ut
996 1168 1054 1241 de
1089 1168 1150 1240 iis
1186 1168 1343 1242 dicam
1380 1170 1547 1268 quide

414 1307 710 1390 argumento
752 1291 842 1364 hoc
883 1305 998 1364 ante
1040 1315 1109 1364 me
1149 1307 1374 1389 egerunt.
1418 1291 1548 1391 Opera

415 1414 548 1511 quibus
576 1415 611 1486 in
632 1413 714 1510 ipsa
738 1413 992 1511 disquisitione
1016 1438 1103 1486 usus
1122 1438 1215 1503 sum,
1237 1413 1363 1487 omnia
1377 1413 1435 1488 hic
1450 1415 1548 1488 dein·

415 1561 504 1633 ceps
541 1560 759 1610 enumerare
797 1559 948 1609 necesse
985 1559 1059 1608 non
1097 1535 1242 1628 habe03
1280 1536 1356 1609 suis
1392 1535 1482 1610 locis
1513 1538 1548 1610 in

416 1656 578 1731 calcibus
613 1658 834 1756 paginarum
872 1655 1017 1756 singula
1051 1657 1243 1749 indicabo,
1280 1657 1369 1731 item
1397 1659 1426 1732 si
1456 1684 1549 1758 quas

416 1779 540 1855 varias
568 1779 756 1852 Pnnronrs
784 1804 939 1877 operum
968 1779 1151 1853 editiones
1177 1779 1395 1854 adhibuero.

471 1901 585 1995 Quod
609 1902 658 1974 ad
682 1900 996 1999 prae-Socraticos
1017 1899 1262 1999 philosophos
1281 1902 1432 2000 gaudeo
1449 1904 1551 2000 quod

419 2021 657 2120 Drsuusrus')
687 2049 816 2097 eorum
845 2024 1056 2122 fragmenta
1079 2021 1234 2098 collecta
1259 2049 1356 2122 quae
1377 2026 1548 2100 Parmen.

419 2171 506 2244 pag.
532 2171 557 2239 4
581 2171 622 2218 se
643 2144 826 2218 editurum
850 2170 933 2218 esse
957 2145 1188 2242 promiserat,
1214 2146 1249 2218 in
1274 2143 1393 2220 lucem
1417 2148 1549 2240 emisit,

419 2283 622 2366 antequam
651 2293 745 2364 opus
774 2293 898 2341 meum
919 2264 1049 2365 praelo
1073 2267 1303 2359 mandarem,
1329 2269 1455 2368 itaque
1479 2271 1550 2344 hac

420 2390 582 2464 editione
597 2391 649 2464 uti
663 2391 778 2488 potui,
794 2416 878 2463 cum
891 2391 1113 2463 Munnncun
1124 2385 1252 2487 opusl)
1268 2390 1379 2466 hodie
1390 2417 1464 2466 non
1475 2393 1549 2466 iam

421 2511 597 2601 sufficiat,
626 2526 752 2585 tamen
776 2511 847 2585 hoc
871 2537 1021 2610 quoque
1045 2511 1228 2585 interdum
1251 2509 1403 2588 laudare
1423 2541 1548 2613 cogar.

476 2633 558 2706 Nec
595 2633 642 2707 de
679 2634 721 2706 iis
757 2631 857 2706 libris
892 2634 1077 2730 copiosius
1113 2634 1302 2731 disputare
1340 2662 1435 2734 opus
1467 2663 1550 2712 esse

421 2755 602 2846 existimo,
642 2757 703 2852 qui
739 2755 776 2828 id
809 2771 937 2854 agant,
975 2772 1015 2830 ut
1052 2756 1265 2831 Platonicae
1293 2757 1551 2858 philosophiae

422 2879 604 2977 originem
640 2894 842 2976 exponant,
880 2904 976 2977 quos
1011 2877 1188 2977 plurimos
1215 2905 1298 2954 esse
1326 2880 1400 2953 iam
1428 2882 1512 2956 dixi.
1524 2881 1552 2981 ⁴)

426 3079 608 3093 a*

470 3185 495 3253 1)
514 3185 621 3252 Optime
645 3185 821 3250 conferuntur,
840 3201 906 3250 quae
925 3184 951 3234 in
971 3200 1050 3251 opere
1070 3200 1131 3235 sno:
1152 3186 1223 3251 „Dus
1241 3186 1362 3237 Problem
1379 3187 1425 3238 der
1444 3187 1554 3238 Materie

423 3273 451 3322 in
470 3273 516 3322 der
535 3271 720 3322 Griechischen
738 3271 924 3338 Philosophie”
940 3272 1087 3338 scribendo,
1101 3272 1225 3336 petivisse
1241 3287 1269 3322 se
1284 3271 1348 3322 dicit
1359 3272 1388 3323 C.
1398 3273 1554 3324 sinuum

490 3359 580 3408 .V111
652 3372 679 3408 .:

424 3357 697 3510 (pafflnnerhalliqder
721 3460 750 3494 so
775 3443 856 3494 durch
881 3445 924 3494 die
949 3445 1031 3494 Natur
1058 3444 1105 3494 der
1129 3445 1211 3495 Sache
1235 3453 1410 3512 angeratenen
1434 3447 1553 3497 Grenzen

424 3532 492 3582 habe
511 3531 554 3581 ich
573 3531 617 3580 ein
636 3531 787 3580 viertaches
806 3532 924 3581 erstrebt.

471 3617 506 3668 1⁰.
523 3617 653 3666 Zuutchst
676 3616 730 3680 galt
756 3631 793 3683 es,
817 3617 869 3666 den
889 3616 1068 3666 Thatbestcnd
1087 3617 1123 3667 im
1144 3617 1279 3668 einzelnen
1299 3617 1475 3668 festzustelleu
1478 3655 1556 3670 .....

471 3706 507 3754 2⁰.
525 3703 654 3752 Zweitens
677 3702 745 3752 habe
770 3703 812 3752 ich
838 3702 906 3752 mich
930 3703 1046 3769 bemitht,
1071 3702 1122 3753 den
1149 3704 1243 3754 innern
1263 3705 1486 3771 Zusammenhang
1504 3705 1558 3756 und

427 3792 469 3841 die
488 3789 604 3856 logische
622 3789 784 3854 Gliederung
801 3789 847 3838 der
866 3789 1001 3840 einzelnen
1017 3790 1147 3840 Theorien
1164 3789 1512 3842 scharihernuszuarbeiten.

472 3877 507 3941 3⁰.
527 3875 626 3942 [Danu]
652 3883 748 3926 musste
773 3876 816 3926 ich
841 3893 874 3926 an
899 3877 992 3927 dritter
1016 3876 1095 3928 Stelle
1113 3879 1156 3928 die
1174 3877 1347 3928 historischen
1367 3879 1557 3944 Bedingungen

427 3965 473 4014 der
490 3962 626 4013 einzelnen
646 3962 762 4026 Systeme
780 3962 835 4012 und
853 3963 896 4012 die
914 3964 1110 4029 gegenseitigen
1129 3965 1311 4029 Beziehungeu
1330 3964 1457 4014 zwischen
1477 3964 1557 4015 ihnen

428 4049 611 4101 klarzustellen
631 4049 756 4098 trachten.

472 4135 511 4200 4⁰.
530 4135 596 4184 Eine
615 4133 780 4200 (historische
799 4135 866 4198 und)
885 4136 1016 4186 sechliche
1037 4136 1124 4186 Kritilr
1145 4135 1186 4202 [zu
1206 4136 1296 4203 ilben].

473 4222 501 4290 2)
528 4223 580 4272 Die
606 4222 760 4287 Fragmente
793 4223 839 4273 der
864 4223 1073 4290 Vorsokratilrer,
1100 4223 1252 4274 Griechisch
1280 4225 1335 4274 und
1362 4223 1478 4274 Deutsch
1506 4241 1557 4274 von

430 4313 573 4360 Hununuu
591 4310 683 4359 Drnrs.
703 4309 799 4360 Berlin.
820 4311 977 4361 Weidmann
1000 4323 1075 4374 ¹903·

474 4396 502 4464 3)
531 4397 678 4462 Mununcrr,
708 4396 863 4462 Fragmenta
890 4397 1107 4462 Philosophorum
1136 4397 1300 4448 Graecorum.
1327 4398 1439 4448 Parisiis.
1468 4398 1558 4449 Didot.

431 4482 668 4533 MDCCCLXVII.

475 4568 504 4636 4)
524 4569 564 4618 Cs.
589 4576 672 4619 tamen
698 4585 758 4634 pag.
780 4584 798 4632 4
822 4569 882 4619 adn.
907 4581 932 4632 3.
957 4570 1044 4620 Facile
1069 4578 1203 4637 praeterea
1228 4571 1398 4636 intellegitur,
1416 4587 1475 4621 cum
1492 4571 1558 4621 duae

430 4653 479 4707 hae
506 4655 671 4724 quaestiones
695 4665 748 4711 arte
772 4655 926 4712 cohaereant
950 4658 1053 4730 saepius
1076 4673 1116 4714 uie
1136 4658 1207 4714 hisce
1226 4659 1349 4731 operibus
1369 4675 1474 4716 uturum
1493 4673 1557 4715 esse.
