3698 5574
955 648 1027 736 164

425 854 595 914 aetate
625 865 717 914 non
747 840 949 939 abipso,
979 842 1110 916 seda
1138 840 1459 916 multitudine
1487 833 1554 942 ’Op

425 961 515 1063 φικὲς
542 967 612 1066 βίος
641 961 737 1036 dici
766 963 965 1040 soleret.

479 1085 625 1160 Deinde
648 1111 739 1159 vero
764 1087 864 1160 haud
886 1085 976 1178 scio,
1001 1111 1126 1160 annon
1149 1087 1297 1192 Ὀρφικὰς
1310 1091 1380 1192 βίος
1394 1084 1442 1157 sit
1456 1084 1553 1158 idem

425 1222 539 1304 atque
571 1208 720 1304 Orphei
744 1207 833 1300 vita,
863 1234 910 1283 an
935 1208 1058 1306 potius
1085 1208 1267 1308 significet
1299 1206 1553 1305 Orphe'eorum

424 1328 552 1421 vitam,
582 1354 810 1427 quamquam
841 1331 911 1404 hoc
939 1331 1068 1428 utique
1095 1331 1247 1405 dubium
1276 1345 1343 1403 est.
1355 1325 1382 1426 ¹)

481 1578 513 1648 8.
541 1574 715 1673 Denique
735 1575 821 1649 mihi
838 1577 1025 1650 Psaroms
1040 1577 1088 1651 de
1103 1575 1259 1673 Orpheo
1274 1574 1446 1649 iudicium
1462 1591 1551 1648 trac·

425 1697 518 1770 tanti
541 1714 657 1771 restat
681 1713 721 1771 ut
743 1698 791 1773 de
812 1699 958 1772 duobus
979 1700 1100 1773 dicam
1114 1698 1216 1791 locis
1232 1724 1255 1773 a
1270 1696 1553 1772 nonnullisviris

425 1819 543 1892 doctis
566 1819 637 1894 huc
658 1819 793 1911 relatis,
816 1846 975 1918 quorum
993 1837 1120 1895 tamen
1135 1820 1293 1896 alterum
1308 1846 1381 1894 non
1398 1821 1447 1894 ad
1463 1820 1553 1893 Pun-

425 1963 555 2015 ronan
579 1943 731 2040 eiusque
755 1943 980 2040 opinionem,
1005 1942 1163 2018 alterum
1187 1970 1262 2018 non
1286 1944 1335 2018 ad
1358 1941 1551 2040 Orpheum

425 2065 610 2161 pertinere
635 2081 737 2163 puto,
764 2064 858 2139 Sunt
876 2081 1002 2139 autem
1023 2065 1116 2162 Rep.
1135 2065 1169 2137 ΙΙ
1188 2073 1263 2161 364
1278 2065 1311 2138 E
1326 2091 1423 2163 sqq.‚
1440 2089 1551 2162 quem

425 2184 548 2260 locum
562 2213 673 2285 supra
689 2188 790 2285 (pag.
815 2189 902 2284 134)
916 2188 990 2261 iam
1005 2187 1167 2280 laudavi,
1184 2203 1222 2262 et
1236 2187 1332 2262 Tim.
1350 2211 1402 2280 40
1417 2187 1453 2260 D
1469 2211 1552 2284 sqq.

480 2335 514 2402 9.
542 2309 665 2382 Primo
689 2308 790 2407 quod
814 2310 862 2382 ad
888 2309 982 2408 Rep.
1007 2310 1040 2382 ΙΙ
1067 2316 1141 2404 364
1157 2309 1189 2382 E
1207 2336 1304 2408 sqq.‚
1326 2325 1448 2383 utrum
1464 2308 1554 2382 Pm-

425 2451 535 2503 Torus
571 2456 762 2504 occurrere
799 2431 1024 2505 censendum
1061 2433 1107 2505 sit
1139 2432 1197 2506 hic
1225 2431 1397 2505 iudicium
1426 2455 1552 2520 necne,

425 2551 603 2650 imprimis
636 2553 801 2650 pendere
838 2554 925 2627 mihi
962 2554 1108 2629 videtur
1144 2580 1190 2628 ex
1218 2554 1287 2628 hac
1316 2555 1553 2652 quaestione:

427 2699 502 2770 quo
538 2674 732 2748 reserenda
769 2675 842 2748 sint
877 2676 993 2749 verba
1031 2675 1073 2768 ὥς
1100 2705 1194 2779 paor:
1223 2701 1310 2750 nam
1339 2677 1368 2749 si
1397 2677 1446 2750 ad
1473 2674 1555 2749 sola

425 2798 567 2888 Σελήνης
602 2828 634 2873 τε
672 2804 728 2874 καὶ
765 2810 902 2876 Μουσῶν
939 2797 1079 2901 ἐγγόνων
1116 2799 1312 2895 pertinent,
1346 2799 1467 2873 iacere
1494 2798 1555 2872 vix

426 2943 623 3017 possumus
646 2919 733 3015 quin
759 2943 856 3016 quae
879 2920 1105 2994 antecedunt
1125 2922 1308 3017 (Μουσαίου
1330 2931 1386 2998 καὶ
1403 2917 1553 3025 Ὀρφέως)

425 3040 475 3113 ab
498 3041 611 3139 ipsius
636 3041 697 3139 qui
715 3041 802 3115 dicit
819 3063 944 3116 mente
959 3040 1106 3116 fluxisse
1121 3057 1347 3117 statuamus:
1363 3043 1394 3115 is
1410 3042 1554 3116 Musaei

426 3179 465 3236 et
492 3161 635 3260 Orphei
662 3188 745 3237 esse
773 3164 842 3237 hos
870 3161 983 3237 libros
1010 3163 1211 3262 significat:
1242 3164 1441 3239 Musaeum
1464 3188 1555 3238 vero

426 3300 464 3358 et
486 3284 681 3383 Orpheum
700 3288 843 3378 Σελήνης
856 3318 888 3364 τε
903 3294 959 3364 καὶ
976 3299 1112 3366 Μουσων
1127 3289 1279 3391 ἐγγόνους
1293 3313 1387 3380 esse,
1403 3286 1455 3360 ita
1469 3311 1553 3360 con·

426 3406 579 3481 tendere
616 3407 785 3481 dicuntur
821 3407 855 3499 ii,
893 3408 956 3506 qui
988 3407 1100 3483 libros
1128 3411 1199 3483 hos
1226 3411 1417 3509 proferunt
1445 3410 1556 3514 (παρέ-

473 3653 499 3719 t)
518 3651 640 3702 Concedo
671 3667 733 3701 sane
762 3651 889 3702 eiusmodi
920 3653 989 3702 vitae
1017 3655 1213 3705 consuetudinis
1241 3664 1372 3706 auctorem
1396 3654 1448 3704 dici
1473 3653 1556 3704 solere

426 3741 512 3806 ipsum
540 3737 684 3804 Orpheum,
711 3747 740 3788 ut
766 3739 817 3787 iam
846 3740 1056 3790 nrrsrormurs
1081 3741 1218 3790 notissimo
1245 3741 1292 3791 illo
1311 3742 1370 3791 loco
1387 3742 1555 3804 Rnn.1032:

466 3867 578 3932 Ὀρφεὺς,
595 3872 692 3938 inquit,
708 3867 754 3930 μὶν
770 3869 820 3930 γὰρ
840 3867 951 3927 τελετάς
968 3868 989 3917 θ’
1007 3867 1066 3932 ἡμῖν
1083 3868 1212 3938 κατέδειξε
1229 3873 1305 3934 φόνων
1322 3873 1349 3920 τ’
1366 3869 1517 3934 ἀπέχεσθαι,

423 4006 471 4058 sed
492 4002 545 4066 βίον
568 4001 681 4066 ’omniu
698 4019 753 4054 esse
772 4003 864 4062 vitam,
886 4005 986 4069 qualem
1008 4004 1127 4071 Orpheus
1145 4005 1255 4072 degebat,
1273 4022 1328 4056 non
1346 4022 1423 4073 quam
1442 4005 1557 4056 -licet

426 4111 485 4146 eum
503 4093 585 4144 secuti
602 4119 639 4129 -
657 4089 779 4156 degebant
798 4089 916 4156 Orphici,
933 4090 984 4139 hoc
1002 4091 1066 4141 mihi
1084 4106 1138 4142 non
1158 4100 1197 4141 est
1216 4107 1374 4158 persuasum.

471 4181 591 4232 Ceterum
610 4178 644 4227 sd
662 4177 793 4241 Orphitos
810 4175 905 4225 referre
923 4176 1045 4228 ridentur
1062 4178 1148 4228 locum
1167 4179 1245 4228 etiam
1260 4181 1367 4229 Rima
1384 4187 1410 4230 et
1419 4180 1555 4244 Petinus,

427 4269 545 4321 Historia
567 4263 752 4328 Philosophiae
777 4262 913 4328 Graecsei,
931 4279 991 4328 pag.
1013 4275 1062 4329 153
1073 4281 1110 4315 c.:
1128 4265 1274 4330 „sacrificia
1292 4267 1426 4316 incruente
1444 4266 1521 4315 etiam
1541 4281 1556 4314 a

426 4355 594 4423 Pythagoreis
612 4359 638 4403 et
657 4351 780 4417 Orphicis
799 4351 1021 4419 commendantur,
1039 4369 1064 4402 ν.
1079 4353 1153 4403 Plato
1163 4352 1557 4420 Leg.V1782C”;quodidem

425 4445 509 4496 facere
536 4443 639 4492 videtur
666 4440 819 4504 Dathema
844 4453 902 4487 cnm
927 4438 949 4487 is
968 4437 1084 4508 (Fragm.
1103 4439 1149 4488 der
1168 4439 1317 4490 Vorsokrst.
1337 4439 1458 4504 Anhang.
1478 4453 1555 4503 pagg.

424 4530 476 4595 489
495 4529 567 4597 sqq.)
585 4541 738 4577 enumerans
757 4531 873 4574 veterum
891 4524 924 4574 de
943 4525 1043 4590 Orphei
1063 4526 1117 4574 vita
1132 4533 1158 4576 et
1173 4527 1276 4591 scriptis
1293 4528 1450 4592 testimonia,
1465 4525 1555 4590 Symp.

429 4630 478 4681 179
487 4619 513 4668 D
529 4621 721 4678 commemoret,
737 4613 836 4676 Legum
850 4612 935 4662 locum
945 4613 1055 4663 omittat.
1067 4613 1106 4663 Cf.
1118 4622 1250 4679 praeterea
1260 4615 1380 4680 Lonncx,
1391 4612 1522 4679 Aglaoph.
1534 4612 1556 4678 1,

426 4720 486 4771 rte·
506 4714 566 4769 2⁴5·
