3698 5574
996 705 1065 775 192

463 881 708 955 memoraret?
730 879 769 953 Si
793 880 989 978 prudentia
1004 879 1064 954 vel
1080 897 1181 955 metu
1196 883 1328 957 ductus
1341 881 1486 982 scripsit
1499 909 1596 982 quae

462 1001 596 1092 scribit,
633 1001 767 1099 ecquid
804 1018 895 1094 erat,
933 1029 998 1076 cur
1035 1001 1238 1101 Orphicam
1272 1004 1516 1102 theogoniam
1544 1031 1595 1079 re-

461 1140 652 1198 vereretur
688 1124 756 1198 nisi
793 1125 907 1222 ipsius
943 1125 1111 1199 animus?
1150 1125 1301 1201 Numne
1328 1128 1422 1202 haec
1449 1127 1595 1225 publice

461 1262 542 1320 erat
570 1263 701 1321 sancta
726 1262 765 1322 et
788 1250 961 1345 recepta?
986 1246 1137 1322 Numne
1161 1248 1221 1322 dei
1245 1250 1292 1323 de
1317 1249 1451 1346 quibus
1473 1250 1509 1323 in
1525 1251 1594 1324 hac

461 1368 667 1467 theogonia
702 1386 783 1444 erat
819 1396 954 1461 serm0,
992 1370 1042 1444 ab
1079 1371 1170 1445 urbe
1206 1388 1312 1446 erant
1347 1373 1496 1448 statuti?
1531 1372 1596 1446 Sin

460 1515 551 1564 vero
570 1535 622 1546 —
643 1517 758 1588 quam
773 1491 995 1566 sententiam
1010 1491 1261 1589 superioribus
1275 1493 1422 1593 paginis
1437 1496 1595 1592 probare

460 1629 616 1688 conatus
652 1641 734 1688 sum
770 1659 821 1669 -
849 1640 916 1713 per
953 1613 1109 1689 ironiam
1145 1614 1308 1712 loquitur
1345 1617 1520 1691 Trunsus
1557 1632 1595 1692 et

461 1759 601 1809 meram
626 1735 739 1810 talem
764 1737 919 1811 deorum
942 1736 1262 1813 enumerationem
1285 1737 1443 1813 ludibrio
1467 1740 1592 1830 habet,

459 1881 597 1932 numne
627 1849 816 1933 Punrdrus
844 1860 963 1934 suerat
991 1859 1220 1951 urbanitatis,
1250 1861 1451 1953 Trunauu,
1478 1861 1591 1936 homi-

459 2003 544 2052 nem
585 1980 874 2080 Pythagoreum,
910 1981 1170 2079 Orphicorum,
1199 1982 1418 2080 quibuscum
1446 2009 1592 2056 summa

458 2098 528 2173 illis
569 2119 668 2176 esset
708 2103 928 2196 coniunctio,
972 2103 1158 2178 doctrinas
1200 2103 1322 2178 lacere
1359 2105 1591 2179 irridentem?

460 2222 561 2295 Num
589 2251 687 2323 quae
716 2225 789 2300 alia
816 2227 1017 2326 excogitari
1045 2243 1171 2324 potest
1193 2230 1327 2301 causa?

511 2357 604 2439 Θεοῖς
631 2347 706 2421 suis
734 2355 860 2452 ὁρατοῖς
883 2374 1116 2446 -corpora
1144 2347 1319 2423 caelestia
1348 2348 1431 2424 dico
1455 2394 1506 2404 —
1529 2376 1593 2448 op

457 2468 563 2564 ponit
594 2468 768 2544 Trunaus
802 2487 960 2562 ceteros,
989 2472 1010 2545 i.
1041 2497 1073 2547 e.
1105 2469 1280 2569 vulgares
1309 2472 1411 2546 deos.
1443 2472 1592 2546 Numne

456 2589 645 2688 Orphicae
680 2594 909 2692 theogoniae
945 2595 995 2668 dii
1023 2610 1130 2669 erant
1156 2594 1205 2667 dii
1233 2593 1431 2693 vulgares?
1459 2595 1593 2692 Longe

457 2738 564 2787 secus
604 2731 671 2790 est.
689 2711 715 2812 ¹)
758 2715 933 2814 Vulgaris
969 2715 1194 2815 genealogia
1234 2716 1397 2790 Husronr
1430 2717 1591 2791 contine-

457 2835 567 2910 batur
597 2838 773 2935 operibus
805 2855 843 2913 et
875 2839 1244 2936 Houuu1,0rphicis
1276 2839 1489 2938 theogoniis
1517 2865 1592 2914 non

456 2960 730 3036 continebatur:
747 2963 874 3061 itaque
889 2962 1094 3052 Socerum,
1112 2961 1251 3061 Cratyl.
1271 2970 1346 3058 396
1358 2962 1401 3054 C,
1418 2989 1494 3060 quo
1508 2962 1592 3037 loco

456 3108 693 3158 communem
730 3100 876 3182 spectat
911 3084 1188 3184 genealogiam,
1219 3084 1325 3181 plura
1352 3086 1465 3159 etiam
1493 3085 1592 3160 addi-

456 3222 578 3279 turum
618 3232 659 3281 se
696 3207 807 3282 suisse
840 3209 939 3300 dicit,
977 3209 1007 3281 si
1044 3207 1224 3282 memoria
1257 3223 1402 3282 teneret
1431 3208 1592 3281 Hasroor

456 3329 774 3403 enumerationem
812 3331 972 3429 generis,
1010 3356 1105 3428 quos
1134 3345 1330 3428 praeterea
1356 3331 1399 3403 iis
1428 3331 1490 3428 qui
1518 3331 1591 3403 iam

456 3452 738 3526 commemorati
774 3470 910 3544 essent,
950 3452 1110 3526 maiores
1145 3451 1299 3526 dixisset
1336 3468 1530 3549 parentes:
1568 3459 1595 3530 εἰ

455 3569 679 3677 δ’ἐμεμνῇμην
722 3575 781 3660 τὴν
822 3573 972 3654 Ἠσιόδου
1014 3581 1245 3678 γενεαλογίαν,
1292 3582 1382 3667 τίνας
1429 3573 1471 3652 ἔτι
1516 3571 1590 3666 τοὺς

455 3693 602 3798 α’νωτέρω
629 3697 804 3800 προγόνους
832 3699 914 3801 λέγει
941 3693 1074 3788 τούτων,
1104 3695 1164 3775 οὐκ
1192 3696 1233 3775 ἂν
1262 3697 1429 3800 ἐπαυόμην
1450 3696 1587 3790 διεξιόν,

454 3823 498 3910 ὡς
526 3820 625 3922 ὀρθῶς
655 3815 764 3911 αὐτοῖς
791 3815 832 3898 roi
861 3820 1010 3923 ὀνόματα
1038 3829 1151 3911 κεῖται,
1182 3851 1215 3896 κ.
1230 3851 1261 3895 τ.
1276 3824 1307 3894 λ.

508 3939 619 4035 Quae
653 3939 683 4012 si
721 3941 773 4015 ita
804 3958 901 4032 sunt,
931 3939 1069 4015 nullam
1097 3941 1208 4014 video
1236 3966 1400 4031 causam,
1430 3966 1494 4014 cur
1520 3940 1588 4014 Or-

454 4061 602 4159 phicam
629 4063 892 4162 Theogoniam
922 4065 980 4138 hic
1003 4079 1313 4138 commemoraret
1338 4063 1476 4155 Punro,
1501 4061 1588 4136 mul-

456 4229 651 4240 n-—-*

501 4309 525 4377 r]
545 4310 586 4360 ct.
606 4311 785 4362 Mnxnrnuur
804 4308 908 4358 Matar
926 4307 996 4373 apud
1014 4310 1145 4359 Roscuru
1163 4307 1181 4357 i.
1192 4323 1217 4356 v.
1234 4307 1348 4372 Kronos,
1364 4307 1414 4356 col.
1428 4307 1590 4372 1456:quod

453 4396 486 4447 sd
504 4397 635 4463 quandam
651 4397 685 4447 de
700 4397 791 4445 Krouo
806 4395 964 4445 doctrinam:
982 4395 1033 4461 „So
1049 4395 1136 4446 wollte
1153 4409 1181 4444 es
1195 4393 1242 4443 das
1257 4393 1409 4460 geltuterte,
1422 4393 1482 4443 dem
1497 4395 1591 4444 Volks·

452 4482 566 4549 glauben
591 4483 704 4534 abbolde
730 4482 851 4548 religiose
876 4483 1014 4533 Beddrinis
1033 4483 1107 4548 jener
1126 4479 1307 4549 [orphischen]
1328 4481 1490 4530 Kreise....
1509 4481 1590 4532 Hune

451 4569 522 4620 diese
547 4571 632 4621 Lehre
657 4571 685 4620 in
709 4571 832 4620 welteren
857 4570 967 4620 Kreisen
994 4570 1111 4635 Geltung
1135 4583 1291 4634 geminen,
1315 4583 1345 4616 so
1370 4567 1457 4617 witrde
1482 4582 1509 4616 es
1530 4567 1590 4618 dem

452 4657 574 4708 Saintes
597 4659 641 4708 bei
665 4659 764 4708 Platon
783 4657 857 4707 nicht
882 4657 997 4723 moglich
1022 4658 1080 4708 sein
1103 4657 1151 4708 mit
1169 4656 1229 4706 dem
1246 4653 1586 4705 hesiodiscb·homeriscben

519 4745 654 4796 '¹ien2wist
673 4761 703 4796 zu
722 4743 900 4810 polemischen
919 4744 1046 4795 Zwecken
1061 4759 1091 4794 zu
1110 4740 1271 4809 operieren.¹'
