3654 5564
967 587 1017 658 86

430 782 655 880 opinionem,
684 781 747 879 qui
773 782 922 880 saepius
944 783 992 858 de
1015 781 1172 880 Orpheo
1196 795 1234 856 et
1248 781 1419 880 Orphicis
1433 785 1556 859 dicere

430 920 563 1003 putant
590 904 810 996 Primum,
836 903 974 979 nullam
998 903 1110 980 aliam
1133 905 1183 979 ob
1207 930 1358 980 causam
1374 906 1440 979 nisi
1455 907 1556 1006 quod

430 1027 501 1100 hoc
524 1027 658 1101 aetatis
680 1028 911 1101 consuetudo
934 1027 1044 1102 ierret
1063 1043 1102 1102 et
1115 1041 1203 1101 tunc
1216 1027 1394 1125 temporis
1409 1045 1558 1127 praeter

430 1147 524 1223 alios
558 1148 704 1247 vigeret
740 1146 960 1247 Orpheus¹)‚
998 1193 1049 1205 -
1077 1175 1167 1224 vera
1195 1165 1321 1224 autem
1349 1175 1432 1224 esse
1459 1175 1558 1249 quae

430 1272 473 1352 in,
503 1271 559 1345 his
595 1270 681 1346 dicit
718 1269 887 1348 Gutum:
930 1273 1025 1366 „Die
1053 1271 1292 1369 Philosophie
1318 1271 1385 1345 hat
1411 1297 1452 1346 es
1477 1297 1557 1346 ver·

430 1394 601 1485 standen‚
639 1393 712 1468 den
748 1394 913 1468 schonen
951 1395 1055 1468 Kem
1085 1420 1153 1469 aus
1179 1394 1246 1469 der
1271 1394 1412 1468 rauhen
1443 1393 1557 1470 Hiille

431 1542 474 1590 zu
497 1513 724 1613 schalen.‘'⁹)
753 1515 840 1590 Hoc
864 1531 990 1591 autem
1014 1517 1190 1614 imprimis
1206 1519 1414 1591 Ptnrouau
1428 1517 1557 1592 iecisse

432 1653 565 1736 postea
592 1663 702 1736 spero
729 1639 809 1713 sore
836 1655 877 1714 ut
903 1655 1096 1737 appareat.

489 1920 522 1994 5.
541 1897 649 1972 Haec
672 1898 721 1972 de
747 1898 918 1998 Orphicis
933 1900 1107 1974 doctrinis
1121 1915 1160 1974 et
1172 1899 1221 1974 de
1236 1899 1381 1997 mythis.
1397 1899 1455 1974 Ea
1468 1923 1560 1974 vero

433 2047 532 2120 quae
557 2021 606 2095 de
629 2021 685 2094 his
708 2037 815 2096 erant
837 2022 1006 2114 dicenda,
1031 2023 1067 2096 in
1091 2018 1301 2121 poesinh
1321 2048 1472 2121 quoque
1496 2047 1558 2096 va·

432 2141 566 2242 lent⁴):
594 2143 699 2241 poesi
726 2144 795 2242 ipsi
817 2171 885 2243 per
906 2171 947 2220 se
971 2146 1121 2219 minime
1143 2145 1309 2219 inimicus
1331 2161 1389 2219 est
1408 2145 1555 2219 Panto:

433 2268 548 2341 immo
572 2291 662 2341 vero
686 2267 834 2365 saepius
857 2273 956 2360 θείους
978 2283 1091 2342 vocat
1109 2278 1254 2364 poetas,
1270 2265 1459 2364 praeclare
1473 2267 1560 2341 dicit

433 2389 481 2464 de
500 2388 643 2464 illorum
658 2396 774 2496 μανίᾳ,
790 2392 870 2488 ipse
883 2416 1048 2464 summus
1063 2390 1129 2465 suit
1142 2400 1267 2488 po'eta.
1280 2387 1306 2487 ⁸)
1322 2390 1454 2487 Itaque
1467 2390 1558 2463 vitu-

434 2527 542 2610 perat
578 2522 722 2609 poetas,
756 2537 831 2586 non
860 2538 934 2610 quo
962 2513 1035 2587 sint
1060 2523 1210 2610 poetae,
1238 2513 1306 2587 sed
1333 2512 1435 2611 quod
1462 2513 1559 2586 male

432 2649 514 2708 arte
542 2635 690 2732 poetica
715 2651 800 2709 sunt
828 2635 893 2708 usi.

488 2755 547 2829 Sic
574 2800 625 2810 -
650 2771 690 2830 ut
712 2756 866 2830 afferam
890 2754 1102 2854 exemplum
1125 2799 1177 2810 -
1202 2755 1322 2854 Legg.
1340 2759 1415 2848 669
1431 2757 1460 2828 B
1475 2781 1558 2853 sqq.

433 2894 634 2976 carpuntur
673 2889 821 2976 poetae,
860 2879 998 2976 quippe
1034 2878 1096 2975 qui
1133 2877 1204 2950 sint
1239 2875 1387 2950 viliores
1424 2887 1560 2975 poetae

434 3026 547 3099 quam
583 3001 687 3099 ipsae
716 3000 861 3092 Musae,
889 2999 1090 3098 omniaque
1117 3000 1354 3073 subvertant:
1373 3059 1380 3074 .
1399 3058 1407 3072 .
1426 3057 1459 3073 ..
1487 2995 1561 3092 τοὺς

421 3118 567 3216 ’ποιητὰς
601 3125 813 3227 φαυλοτέρους
844 3121 923 3200 εἶναι
951 3117 1084 3214 ποιητὰς
1112 3117 1306 3200 αὐτῶντῶν
1334 3134 1498 3200 Μουσῶν.
1525 3115 1562 3198 οὗ

433 3241 498 3350 γὰρ
526 3243 566 3322 ἂν
593 3248 713 3323 ἐκεῖναί
735 3277 771 3348 γε
799 3241 1008 3350 ἐξαμάρτοιέν
1034 3271 1107 3322 ποτε
1133 3251 1295 3346 τοσοῦτον,
1322 3241 1399 3322 ὥστε
1426 3243 1563 3348 ῥήματα

435 3367 562 3471 ἀνδρῶν
585 3369 760 3452 ποιήσασαι
782 3368 817 3444 τὸ
840 3381 959 3470 σχῆμα
981 3383 1145 3471 γυναικῶν
1169 3373 1226 3444 καὶ
1248 3367 1348 3470 μελος
1371 3365 1564 3468 ἀποδοῦναι,

370 3671 373 3678 ¹
483 3610 508 3678 t)
528 3611 568 3661 Cf.
587 3610 820 3678 Wuettu,1’latou.
839 3610 900 3661 Not.
921 3612 985 3661 tiber
1004 3610 1086 3676 Orph.
1106 3626 1167 3676 pag.
1185 3623 1235 3673 41:
1255 3610 1307 3675 „Er
1322 3610 1394 3660 britte
1406 3609 1477 3660 vohi
1492 3610 1566 3660 nicht

435 3713 465 3748 so
489 3696 527 3747 oft
553 3697 648 3748 Auless
672 3712 836 3764 genommen,
861 3713 913 3747 von
932 3697 965 3747 0.
985 3713 1016 3747 ru
1034 3697 1171 3762 sprechen,
1190 3701 1258 3747 wire
1275 3695 1360 3746 dieser
1377 3696 1476 3746 &mele
1494 3695 1567 3747 nieht

438 3783 579 3850 ,modem''
598 3783 745 3850 geweseu.”

480 3870 509 3939 a)
528 3871 558 3921 C.
577 3887 603 3921 u.
623 3871 660 3920 M.
679 3886 739 3936 pag.
758 3869 817 3936 65⁶.

482 3955 510 4024 3)
527 3957 581 4007 Eos
608 3958 654 4023 qui
678 3956 711 4006 de
737 3957 837 4008 ratione
865 3972 932 4022 quae
957 3957 1078 4008 PLA'rortt
1102 3973 1161 4007 cum
1179 3957 1253 4022 po'e'si
1272 3963 1303 4008 et¹
1316 3956 1402 4021 pottie
1419 3955 1567 4022 intercedit,

436 4044 597 4108 seripserunt
619 4043 748 4093 recensuit
773 4043 802 4092 F.
822 4043 972 4108 smmum,
991 4043 1043 4093 Die
1062 4042 1181 4109 Stelluug
1201 4042 1247 4093 der
1264 4042 1355 4093 Poesie
1373 4042 1401 4092 iu
1419 4042 1465 4092 der
1483 4043 1566 4108 pleto-

436 4130 546 4180 nisehen
565 4129 743 4195 Philosophie.
763 4129 895 4178 Mttnchen
915 4142 995 4196 19013
1013 4130 1116 4196 egregie
1131 4129 1154 4179 is
1170 4129 1215 4194 qui
1231 4128 1421 4194 sitpoeseosin
1431 4128 1566 4178 Pmmms

437 4215 620 4282 philosophiae
639 4223 776 4281 systemate
793 4215 875 4280 locus,
894 4216 1011 4280 exponit.

481 4303 510 4370 4)
528 4303 602 4354 Haec
626 4309 665 4352 est
690 4319 775 4368 cause,
796 4317 842 4352 cur
864 4303 916 4352 iam
933 4301 983 4352 hoc
1002 4303 1087 4368 eapite
1106 4302 1199 4367 dicam,
1218 4316 1285 4367 quae
1303 4301 1336 4351 de
1357 4301 1432 4368 po'esi
1449 4306 1510 4352 sunt
1528 4299 1566 4350 di·

436 4389 528 4456 cende,
550 4390 613 4440 licet
637 4389 695 4455 ipse
720 4403 767 4455 per
794 4404 821 4439 se
848 4387 941 4438 melius
967 4387 1076 4439 fortasse
1102 4389 1131 4438 in
1156 4389 1267 4454 proximi
1291 4387 1385 4454 capitis
1410 4387 1566 4453 quadrarent

437 4477 558 4528 rationes.

489 4563 516 4630 5)
533 4562 674 4611 Srnrnuu
707 4561 761 4612 o.l.
784 4577 844 4627 pag.
873 4573 918 4611 to:
952 4561 1004 4626 „Er
1035 4561 1107 4612 blieb
1140 4561 1207 4612 auch
1239 4560 1277 4612 ala
1308 4558 1452 4626 Philosoph
1479 4559 1569 4610 immet

441 4649 486 4698 der
503 4647 629 4698 Dichter”
647 4662 706 4714 sqq.
