3698 5574
991 691 1062 764 154

462 863 583 960 magis
599 888 712 959 quam
728 864 902 963 Orpheus
917 866 974 940 hic
989 866 1038 940 ad
1053 863 1219 940 fabulam
1234 864 1418 962 pertineat
1433 890 1502 940 nec
1516 890 1590 939 car·

463 985 610 1059 minaei
626 987 811 1084 adscripta
827 989 1015 1061 Punroms
1025 1003 1151 1062 aetate
1161 1003 1251 1060 nota
1262 985 1373 1060 luisse
1383 986 1589 1078 videantur,

461 1107 497 1180 in
526 1107 651 1182 sabula
673 1125 799 1184 autem
825 1136 899 1184 non
925 1111 1043 1184 minus
1067 1109 1289 1207 illiusquam
1304 1107 1447 1207 Orphei
1462 1125 1591 1183 cantus

461 1228 619 1304 dulcedo
648 1229 871 1306 laudaretur.

517 1353 625 1427 Haec
654 1355 779 1428 omnia
807 1356 836 1428 si
863 1381 954 1430 vera
982 1370 1079 1447 sunt,
1108 1355 1253 1429 verba
1278 1353 1466 1427 Psaroms
1488 1353 1587 1458 μηδ’

463 1473 514 1554 ἂν
542 1480 680 1561 ἡδίων
709 1469 730 1580 ᾗ
758 1493 837 1555 τών
866 1475 1081 1583 Θαμύρου
1109 1510 1151 1554 τε
1181 1483 1256 1554 καὶ
1288 1475 1494 1582 Ὀρφείων
1521 1473 1589 1578 ὕμ-

460 1630 565 1699 νων,
594 1623 686 1672 non
715 1599 773 1673 ad
802 1617 939 1674 certa
967 1601 1206 1699 quaedam
1235 1599 1454 1672 carmina
1481 1613 1592 1671 sunt

461 1720 744 1811 referenda,
769 1723 853 1796 sed
878 1724 935 1796 ad
954 1722 1109 1798 solam
1130 1723 1186 1796 de
1211 1720 1397 1818 Orphei
1417 1736 1591 1794 cantus

461 1843 725 1918 dulcedine
775 1845 1035 1943 vulgarem
1087 1838 1370 1940 fabulam¹);
1422 1843 1592 1939 itaque

461 1989 547 2038 nec
570 1966 779 2039 Punronsu
799 1963 1593 2065 Orphicoseognovissehymnos

460 2087 801 2180 demonstrant,
827 2115 907 2162 nec
930 2089 986 2162 ad
1010 2088 1198 2162 Pnnrours
1217 2087 1592 2185 cognoscendum

460 2211 517 2283 de
546 2209 780 2307 Orphicis
804 2211 1038 2285 iudicium
1063 2211 1324 2308 quiequam
1349 2207 1589 2283 asserunt:

460 2334 548 2406 hoc
576 2358 717 2405 unum
746 2333 1034 2424 ostendunt,
1065 2349 1229 2406 notam
1256 2333 1424 2404 Punrom
1448 2331 1591 2404 luisse

460 2453 717 2552 vulgarem
746 2456 802 2528 de
831 2453 1018 2553 Orphei
1042 2472 1189 2529 cantu
1215 2452 1451 2544 fabulam,
1476 2450 1590 2525 nihil

460 2576 680 2675 amphus

512 2697 636 2772 Doleo
662 2699 763 2797 quod
788 2723 885 2795 quae
907 2725 966 2772 res
991 2698 1183 2772 Lossscxro
1208 2697 1403 2771 manifesta
1426 2697 1506 2770 visa
1521 2711 1590 2786 est,

459 2820 495 2892 in
523 2820 594 2894 hac
622 2836 700 2894 tam
728 2819 865 2919 longus
892 2845 974 2895 esse
1003 2835 1155 2894 coactus
1182 2846 1282 2895 sum:
1308 2820 1376 2895 sed
1399 2844 1460 2893 me
1475 2819 1592 2891 movit

460 2943 512 3016 rei
538 2943 705 3041 gravitas
733 2958 771 3016 et
798 2941 954 3017 aliorum
984 2942 1174 3017 dissensio,

513 3226 546 3298 5.
574 3203 653 3277 lam
678 3228 809 3278 omnes
831 3202 935 3277 locos
957 3203 1029 3277 huc
1044 3229 1162 3302 usque
1176 3219 1357 3277 tractatos
1372 3203 1506 3301 quibus
1521 3201 1588 3275 Or-

458 3326 545 3423 phei
573 3352 710 3400 nomen
735 3343 1059 3416 commemoratur,
1085 3327 1133 3400 ad
1158 3342 1349 3400 cantorem
1373 3342 1411 3399 et
1425 3325 1590 3400 fabulam

457 3449 641 3545 pertinere
663 3449 753 3522 satis
777 3449 844 3522 erit
867 3449 1120 3546 perspicuum:
1142 3474 1257 3546 opera
1274 3449 1461 3546 quaedam
1477 3449 1589 3545 ipsius

458 3586 583 3644 aetate
625 3587 715 3644 nota
757 3570 817 3645 vel
858 3571 1045 3645 doctrinas
1082 3571 1131 3644 ad
1169 3570 1445 3670 philosophiam
1483 3570 1590 3667 perti-

458 3709 589 3766 nentes
626 3719 648 3766 a
687 3694 864 3766 Pomone
902 3692 1057 3790 Orpheo
1095 3693 1302 3791 adscriptas
1335 3718 1429 3783 esse,
1460 3690 1592 3766 nullius

458 3815 589 3888 horum
627 3816 840 3890 testimonio
873 3813 1130 3907 confirmatur,
1160 3839 1234 3888 non
1263 3815 1439 3889 abhorret
1466 3815 1588 3914 Legg.

459 3943 532 4031 677
547 3937 578 4010 C
593 3963 689 4034 sqq,
707 3963 781 4036 quo
796 3936 880 4010 loco
896 3936 1072 4034 Orpheus
1083 3961 1166 4009 cum
1177 3935 1364 4028 Daedalo,
1376 3935 1589 4028 Palamede,

459 4059 622 4156 Marsya,
645 4057 875 4157 Amphione,
891 4056 1045 4155 aliisque
1059 4056 1208 4132 fabulae
1223 4058 1391 4154 personis
1405 4058 1440 4131 in
1455 4059 1590 4132 eodem

457 4181 606 4278 ponitur
643 4207 801 4279 genere3
840 4205 908 4254 nec
950 4179 1022 4252 alio
1059 4179 1254 4253 reserenda
1292 4181 1464 4254 videntur
1495 4205 1593 4277 quae

460 4303 576 4402 Apol.
594 4304 692 4397 40E
721 4331 802 4401 sqq.
833 4302 1037 4376 Socsnrsu
1065 4303 1188 4376 dicere
1217 4329 1329 4400 supra
1355 4304 1528 4378 vidimus.

457 4471 661 4486 ,μ’-...-

505 4545 531 4612 1)
549 4547 590 4596 Cf.
617 4548 720 4612 ancn,
745 4547 790 4596 Gr.
816 4548 877 4610 Lyr.
903 4546 925 4612 1,
949 4561 1012 4611 pag.
1035 4545 1079 4611 46,
1104 4545 1165 4596 adn.
1185 4560 1215 4596 2:
1237 4549 1341 4612 „Wenn
1359 4550 1422 4599 aber
1440 4549 1514 4599 Plato
1533 4549 1596 4614 Leg.

459 4633 534 4696 VIll,
559 4631 643 4696 829ss
669 4649 720 4682 von
747 4634 792 4684 der
810 4633 955 4697 Siissigkeit
973 4632 1018 4682 der
1038 4633 1160 4698 Hymnen
1182 4634 1227 4684 des
1247 4635 1382 4700 Thamyris
1401 4637 1455 4686 und
1474 4636 1595 4701 Orpheus

456 4719 565 4786 spricht,
580 4737 609 4770 so
625 4721 659 4772 ist
674 4720 740 4786 ldar,
757 4720 815 4771 dass
831 4735 859 4770 er
873 4721 916 4770 die
931 4719 1076 4785 mylhische
1093 4719 1223 4788 Wirkung
1238 4722 1375 4775 derselben
1391 4723 1427 4774 im
1437 4721 1594 4789 Augehat.''
