3724 5576
856 655 901 724 41

364 828 422 902 Ea
455 853 547 902 vero
584 853 712 927 opera,
749 854 847 928 quae
883 830 933 903 ad
970 830 1089 928 ipsam
1122 831 1308 928 pertinent
1335 858 1445 931 quae·

312 951 482 1043 stionem,
511 949 730 1050 plerumque
759 967 824 1026 aut
851 952 1013 1026 breviter
1041 969 1184 1027 tantum
1209 953 1269 1028 vel
1293 955 1445 1029 strictim

312 1099 395 1147 eam
424 1074 623 1171 attingunt,
652 1090 719 1148 aut
746 1075 880 1172 partim
902 1090 1074 1166 tractant,
1101 1091 1166 1150 aut
1190 1077 1351 1175 denique
1372 1076 1446 1151 alio

269 1238 272 1246 Δ
313 1196 426 1269 modo
454 1221 533 1270 rem
558 1197 793 1295 perspiciunt.
820 1197 990 1292 Quorum
1015 1199 1215 1296 praecipua
1232 1199 1444 1274 sunthaec:

366 1316 412 1391 G.
442 1316 578 1391 Gxoau
606 1342 682 1392 vnn
710 1319 958 1393 Prnussaxax.
989 1317 1251 1394 Platonica
1280 1321 1445 1395 Proso-

313 1440 616 1537 pographia,
658 1441 763 1514 sive
800 1440 1054 1538 expositio
1092 1441 1281 1534 iudicii,
1315 1444 1445 1540 quod

315 1563 441 1636 Panno
479 1561 596 1637 tulit
633 1562 690 1636 de
727 1563 808 1653 iis,
848 1562 925 1660 qui
963 1563 1008 1636 in
1046 1564 1252 1662 scriptis
1288 1565 1446 1662 ipsius

314 1699 395 1758 aut
423 1683 692 1783 loquentes
720 1685 1040 1776 inducuntur,
1084 1702 1168 1760 aut
1191 1687 1366 1785 quavis
1389 1687 1446 1760 de

313 1832 461 1881 causa
502 1825 960 1883 commemorantur.
1005 1809 1178 1907 Lugduni
1216 1809 1445 1883 Batavorum

314 1930 635 2004 MDCCCXXIII
665 1931 882 2028 (disputatio
910 1930 1163 2029 inauguralis).

367 2053 489 2127 Huius
518 2054 641 2151 operis
664 2053 784 2127 Partis
809 2052 975 2127 Alterius
987 2049 1012 2151 ¹)
1036 2053 1158 2150 capite
1181 2052 1300 2150 primo
1323 2053 1446 2150 agitur

313 2175 360 2250 de
390 2174 634 2274 Philosophia,
660 2176 892 2274 etquidem:
924 2172 967 2250 1⁰.
994 2176 1041 2250 de
1064 2172 1310 2272 Socraticisff)
1335 2171 1380 2250 2⁰.
1398 2176 1445 2248 de

315 2298 570 2397 Pythagoreis,
602 2295 648 2392 3⁰.
679 2299 726 2372 de
750 2294 980 2396 Eleaticis;³)
1003 2298 1126 2396 capite
1140 2298 1303 2371 secundo
1318 2298 1365 2371 de
1380 2296 1445 2370 So-

313 2419 454 2516 phistis,
493 2436 532 2494 et
566 2420 716 2519 quidem
761 2418 805 2494 1⁰.
836 2421 897 2493 De
933 2420 987 2511 iis,
1026 2421 1087 2517 qui
1116 2420 1248 2494 eximie
1277 2421 1445 2494 dicuntur
1547 2418 1551 2424 ’

315 2541 527 2640 Sophistae,
555 2539 601 2616 2⁰.
629 2542 689 2616 De
713 2542 908 2640 Sophistis,
934 2543 996 2641 qui
1015 2543 1051 2615 in
1066 2543 1192 2640 primis
1206 2542 1444 2641 eloquentiae

314 2665 437 2738 studia
464 2691 554 2763 prae
583 2691 623 2739 se
652 2665 831 2740 serebant.

368 2787 462 2862 Tres
499 2812 590 2862 vero
628 2789 677 2862 ob
714 2813 846 2862 causas
883 2804 1175 2863 consentaneum
1211 2806 1269 2864 est
1301 2790 1444 2864 etiamsi

315 2907 387 2984 alia
423 2935 498 2984 non
536 2911 768 3001 accederent,
806 2935 900 3008 opus
936 2911 1020 3003 hoc,
1058 2938 1126 3008 pro
1158 2937 1225 2986 sua
1253 2928 1379 2986 aetate
1407 2927 1447 2986 et

314 3058 381 3106 suo
419 3033 612 3131 proposito
648 3033 854 3132 egregium,
889 3033 1097 3131 quaestioni
1133 3034 1219 3108 huic
1246 3059 1321 3107 non
1349 3032 1444 3106 suffi·

314 3179 415 3228 cere:
459 3151 503 3228 1⁰.
529 3156 604 3229 duo
637 3155 684 3229 de
718 3155 850 3252 quibus
886 3154 1043 3229 diximus
1066 3156 1189 3253 capita
1212 3157 1445 3230 continentur

314 3277 460 3375 paginis
489 3297 534 3372 75
562 3278 776 3376 (44—118)
799 3302 873 3351 non
897 3279 1004 3351 nimis
1028 3276 1231 3376 magnis;⁴)
1259 3274 1304 3351 2⁰.
1326 3277 1445 3374 primo

362 3555 387 3623 1)
406 3555 470 3605 inde
490 3571 505 3604 a
524 3555 619 3620 pagina
643 3565 686 3618 43.
711 3552 814 3603 Titulus
838 3560 924 3604 tamen
942 3553 1083 3619 inscriptus
1103 3559 1141 3603 est
1159 3553 1220 3602 huic
1240 3554 1320 3618 parti:
1340 3553 1381 3602 De
1400 3553 1445 3603 So-

315 3644 391 3693 cratis
414 3649 441 3692 et
463 3642 580 3692 Platonis
602 3639 773 3706 Aequalibus.
798 3640 829 3689 In
855 3647 927 3706 parte
951 3641 1037 3705 priore
1061 3655 1114 3704 qua
1138 3639 1170 3689 de
1188 3640 1231 3706 iis,
1249 3640 1295 3704 qui
1314 3639 1444 3689 Socratem

315 3736 398 3780 aetate
416 3735 619 3795 antecesserunt,
638 3728 730 3794 agitur,
750 3727 902 3792 philosophi
920 3743 1026 3793 quoqne
1045 3732 1187 3777 tractantur
1205 3726 1244 3775 illi
1263 3725 1378 3793 quidem,
1396 3741 1445 3777 nec

315 3824 400 3866 tamen
415 3832 431 3866 a
446 3816 533 3882 potitis
548 3815 659 3880 aliisque
676 3821 836 3880 separantur,
851 3815 896 3865 sed
911 3816 1056 3880 promiscue
1072 3819 1312 3864 commemorantur.
1329 3814 1444 3863 Duarum

315 3903 404 3953 harum
420 3904 531 3969 partium
545 3902 739 3953 distinctionem
754 3902 887 3967 spinosam
903 3917 958 3952 esse
974 3917 1005 3951 ex
1016 3917 1047 3951 eo
1057 3906 1175 3967 apparet,
1185 3900 1256 3965 quod
1266 3915 1289 3950 e.
1299 3916 1324 3965 g.
1334 3901 1362 3950 in
1372 3908 1444 3966 parte

315 3991 394 4040 altera
412 3991 587 4056 Parmenides,
606 3991 633 4040 in
653 3990 739 4055 priore
755 3990 931 4056 Anaxagoras,
947 3990 1130 4055 Empedocles,
1139 3989 1288 4041 Heraclitus
1295 3995 1443 4039 tractantur.

359 4075 388 4143 2)
405 4077 480 4128 Duae
499 4077 552 4127 iere
571 4077 770 4143 praemittuntur
789 4077 901 4142 paginae
919 4075 1058 4144 (44-46),
1073 4077 1170 4142 quibus
1186 4076 1218 4126 de
1236 4077 1401 4143 philosophis
1417 4076 1443 4125 in

315 4163 460 4214 universum
479 4164 581 4213 dicitnr.

361 4250 389 4317 3)
407 4251 469 4316 Pag.
487 4250 522 4313 46
546 4266 591 4300 cnr
614 4250 724 4300 maxime
748 4249 776 4300 hi
795 4257 935 4300 tractentur
954 4265 1030 4300 causa
1047 4250 1189 4300 indicatur:
1211 4248 1445 4314 „Quandoquidem

315 4342 400 4386 antem
427 4343 478 4386 tres
506 4336 609 4387 inerunt
638 4353 668 4386 ea
695 4343 778 4388 aetate
806 4337 916 4387 maxime
944 4338 1059 4404 insignes
1080 4337 1193 4386 familiae
1219 4336 1445 4402 philosophorum,

315 4424 453 4487 separatim
476 4425 606 4501 agepdum
630 4431 670 4474 est
693 4424 725 4474 de
751 4424 796 4474 iis:
822 4440 893 4474 suam
918 4425 997 4490 igitur
1021 4425 1119 4490 quique
1141 4425 1294 4490 sectionem,
1311 4418 1445 4488 Socratici,

315 4508 478 4576 Pythagorei,
497 4511 607 4561 Eleatici
625 4509 787 4561 habebunt.'’

359 4597 388 4665 4)
406 4597 492 4648 Etiam
510 4598 582 4664 prior
598 4597 645 4648 illa
663 4613 731 4662 pars,
748 4597 776 4646 in
795 4612 847 4662 qua
866 4597 898 4647 de
917 4598 1081 4665 philosophis
1100 4614 1190 4668 parum
1210 4605 1248 4650 est
1269 4613 1361 4665 sermo,
1380 4613 1445 4648 non·

317 4683 377 4742 dum
397 4684 567 4759 quadraginta
584 4685 684 4742 obtinet
704 4684 812 4754 paginas
829 4684 949 4760 (6-42).
