3698 5574
818 680 887 771 187

283 891 368 972 post
388 892 527 950 rectam
544 875 687 950 Knaun
701 874 994 951 admonitionem
1005 874 1031 975 ¹)
1046 903 1132 952 eum
1146 903 1311 952 curasse:
1328 901 1415 952 nam

284 999 385 1096 quod
408 998 521 1090 aiunt,
547 999 654 1090 hunc,
670 1024 783 1095 quem
798 1014 978 1092 statuunt,
994 998 1144 1097 pluralis
1157 1026 1225 1097 pro
1239 999 1415 1098 singulari

283 1147 390 1194 usum
414 1147 438 1195 a
456 1122 645 1218 Punuoms
659 1147 830 1196 sermone
846 1147 920 1195 non
934 1123 1146 1215 abhorrere,
1157 1119 1184 1221 ⁹)
1199 1122 1237 1196 id
1251 1122 1313 1196 vix
1328 1121 1416 1196 mihi

283 1243 431 1340 probari
455 1269 566 1341 posse
589 1243 753 1317 videtur:
779 1243 912 1341 quibus
936 1244 1087 1342 quidem
1111 1271 1178 1342 pro
1194 1262 1417 1343 argumento

284 1365 397 1440 utitur
433 1364 522 1439 locis
559 1365 763 1458 Susnufflu,
802 1365 839 1440 hi
877 1367 1029 1441 omnino
1067 1367 1160 1442 alius
1192 1384 1279 1441 sunt
1305 1393 1416 1466 gene-

283 1487 352 1580 ris,
367 1483 394 1585 ³)
424 1486 516 1561 alius
544 1504 668 1562 autern
697 1485 800 1563 locus
827 1514 904 1586 quo
933 1489 981 1563 de
1009 1515 1084 1564 uno
1113 1489 1268 1587 Orpheo
1292 1490 1416 1564 -ad

280 1689 474 1698 ——..-.

331 1791 357 1858 1)
375 1790 428 1840 0.l.
447 1805 507 1857 pag.
526 1806 569 1855 42.

328 1878 357 1945 2)
375 1879 514 1928 Sussstm
537 1879 590 1930 0.l.
616 1895 677 1945 pag.
703 1880 808 1930 XVIII:
835 1881 932 1946 ,Porro
956 1881 1034 1931 unius
1052 1887 1153 1931 tentum
1171 1882 1303 1947 personati
1324 1888 1417 1947 poetae

285 1965 466 2031 theogonicam
485 1964 629 2016 doctrinam
649 1967 676 2016 in
695 1966 742 2016 illo
759 1968 859 2018 Tirmei
878 1968 936 2018 loco
950 1968 1059 2034 proferri
1075 1976 1156 2034 patet.
1176 1969 1242 2031 Quis
1251 1969 1322 2018 enim
1330 1969 1418 2018 credet
1455 2009 1458 2015 ,

284 2068 300 2101 a
319 2052 437 2118 pluribus
461 2051 540 2116 plane
565 2052 674 2102 eandem
699 2068 755 2103 esse
779 2055 956 2119 propositam?
980 2055 1073 2104 mirum
1096 2063 1182 2105 autern
1208 2056 1326 2121 prolecto
1345 2071 1417 2119 argu·

282 2145 399 2188 mentum
417 2146 456 2188 est
475 2139 600 2190 Kernli
618 2139 802 2189 contendentis
823 2139 871 2204 ,de
890 2155 943 2190 uno
962 2141 1071 2206 cogitari
1091 2155 1144 2192 non
1163 2140 1267 2207 debere,
1285 2156 1342 2190 cum
1361 2141 1418 2206 plu·

284 2226 366 2276 sative
390 2225 510 2276 dicentur
533 2222 630 2287 inseror
654 2222 736 2274 θεῶν’·
761 2225 857 2276 Nonne
882 2227 931 2276 scit
955 2227 1106 2293 saepissime
1131 2244 1147 2277 s
1168 2227 1275 2278 Graecis
1294 2228 1421 2293 pluralem

284 2312 412 2378 adhiberi,
436 2313 482 2363 ubi
501 2313 534 2364 de
552 2330 604 2364 nno
624 2314 756 2363 dumtaxat
775 2329 858 2364 sermo
877 2315 919 2380 sit,
938 2321 992 2363 tum
1010 2315 1171 2381 praesertim,
1190 2321 1217 2364 ut
1236 2315 1268 2364 de
1287 2315 1420 2364 locutione

286 2395 311 2445 οἱ
331 2403 385 2457 sript
408 2413 465 2446 rasa
490 2407 596 2466 taceam,
621 2416 679 2450 cum
704 2415 751 2466 pro
775 2400 884 2450 delinito
908 2401 963 2450 eius
988 2401 1104 2466 nomine,
1125 2417 1178 2466 quo
1198 2417 1257 2450 enm
1276 2400 1420 2466 significare

285 2487 381 2554 nolint,
405 2487 557 2538 circuitione
582 2488 694 2554 quadum
718 2489 839 2537 utentur?
864 2488 898 2539 Ut
922 2503 1002 2537 unum
1028 2488 1175 2554 exemplum
1200 2488 1314 2555 ederem,
1332 2504 1421 2538 nonne

286 2573 412 2624 Isocrates
430 2574 458 2623 in
477 2574 595 2624 oratione
615 2573 805 2624 tertiadecima
820 2589 869 2640 pro
886 2575 1043 2625 Antisthene
1060 2575 1124 2625 dicit
1139 2573 1199 2630 τοὺς
1213 2571 1267 2634 περὶ
1282 2573 1330 2631 τος
1340 2570 1422 2635 ’ἔριδος

282 2655 464 2720 διατρίβοντας,
489 2677 537 2727 pro
563 2661 745 2712 Alcidnmante
769 2658 829 2714 soie
846 2659 1065 2718 moderammis
1081 2661 1173 2723 λόγους
1188 2658 1422 2724 ὁτισχνοιιμένοιιςΡ

284 2749 380 2799 Nonne
405 2764 454 2798 nos
478 2763 595 2814 quoqne,
619 2749 663 2798 ubi
689 2749 798 2799 dicimus
819 2751 943 2814 ,gessisse
963 2749 1063 2800 Leute”
1082 2751 1125 2801 vel
1144 2752 1229 2801 slmile
1249 2752 1324 2818 qnid,
1341 2767 1420 2817 saepe

286 2851 365 2886 unum
383 2842 484 2886 tantum
501 2835 621 2886 volumus
639 2835 778 2901 carperel'’

330 2923 434 2972 wrm
458 2939 483 2971 o.
499 2921 517 2971 l.
544 2937 603 2988 pag.
632 2935 677 2972 11:
706 2923 774 2986 ,den
800 2923 886 2972 Pluml
910 2923 953 2973 bei
980 2925 1076 2973 einer
1100 2925 1197 2974 Person
1216 2924 1333 2974 erkldren
1352 2925 1420 2974 viele

287 3009 436 3074 Analogien
454 3024 500 3058 aus
519 3007 619 3076 Plato”;
637 3010 665 3058 in
684 3010 899 3060 annotationibus
918 3007 990 3076 (adn.
1011 3010 1057 3077 21)
1072 3011 1137 3060 hsec
1154 3011 1241 3061 affert:
1253 3013 1420 3076 ,affl-Gorg.

289 3105 340 3160 510
349 3096 380 3162 B,
403 3096 480 3160 Lysis
504 3109 555 3158 214
566 3097 599 3163 A,
618 3112 658 3145 wo
678 3096 769 3146 Worte
789 3095 835 3146 des
855 3098 954 3146 Homer
971 3112 1017 3146 eus
1034 3097 1084 3147 Od.
1105 3113 1116 3157 ρ
1136 3096 1187 3147 218
1206 3098 1249 3148 nit.
1269 3114 1302 3147 w.
1321 3099 1380 3147 mit:
1400 3096 1426 3144 sl

285 3179 389 3229 mamni
408 3178 451 3228 zai
467 3180 545 3242 σοφοί
557 3181 612 3231 und
630 3179 656 3229 οἱ
670 3180 800 3249 τοιητιιί;”
820 3183 853 3232 ad
873 3198 938 3248 quos
957 3182 1029 3232 locos
1048 3183 1155 3232 recurrit
1173 3183 1278 3232 Wam
1297 3199 1357 3249 pag.
1377 3196 1419 3248 39.

331 3269 360 3335 3)
377 3269 475 3319 Eorum
502 3285 569 3334 quos
596 3285 628 3319 ex
653 3270 793 3319 Isocnarrs
817 3270 935 3319 oratione
961 3270 1037 3320 tertis
1060 3270 1168 3332 decima,
1187 3284 1268 3334 quae:
1289 3267 1423 3317 sarissas

283 3359 409 3416 σοφιστῶν
429 3356 587 3422 inscribitur,
603 3356 676 3406 effert
692 3356 832 3406 8111111111.
847 3357 962 3406 Iocorum
979 3358 1062 3407 multo
1078 3357 1155 3406 latius
1168 3363 1241 3422 patet
1250 3357 1330 3408 ratio:
1340 3360 1421 3409 verbe

286 3447 334 3490 rus
350 3441 405 3504 ml
420 3441 470 3499 rie
486 3438 567 3501 leriae
586 3437 762 3504 διατριβόντων
780 3445 802 3494 si
816 3443 849 3493 ad
867 3445 1051 3494 Antisthenen
1066 3445 1203 3495 reserenda
1218 3445 1278 3510 sint,
1288 3461 1341 3495 non
1350 3445 1421 3496 bunc

286 3533 368 3582 solum
393 3531 546 3597 significare,
570 3531 617 3581 sed
641 3546 747 3582 sonare:
773 3531 941 3580 Antisthenis
966 3533 1069 3597 eiusque
1093 3532 1231 3596 similium,
1255 3533 1421 3583 menifestum

286 3625 334 3669 est.
357 3619 435 3681 Quod
453 3618 523 3668 idem
541 3617 681 3668 dicendum
700 3618 802 3668 videtur
820 3617 852 3667 de
871 3617 952 3666 altera
970 3617 1113 3684 locutione,
1132 3633 1199 3682 quae
1214 3617 1255 3684 §9
1274 3619 1419 3669 invenitur:

284 3704 337 3761 τοῖς
354 3703 414 3760 τοὺς
427 3703 572 3759 πολιτικοὺς
586 3704 677 3764 λόγους
691 3698 910 3764 ὑπισχνουμένοις,
920 3704 937 3753 i.
947 3719 970 3755 e.
980 3704 1162 3754 Alcidamanti
1171 3704 1275 3769 eiusque
1283 3705 1418 3754 similium.

329 3794 382 3844 Nec
401 3807 468 3858 quse
488 3808 519 3842 ex
538 3793 629 3856 lingue
647 3791 802 3842 GennsnIca
820 3791 918 3856 promit
936 3790 1154 3856 SusnM1HL,buc
1174 3791 1322 3855 pertinent:
1340 3791 1419 3857 plane

286 3880 337 3930 alia
361 3887 400 3930 est
424 3879 490 3929 ratio
514 3880 606 3928 borum
628 3880 766 3928 verborum
784 3885 863 3943 atque
883 3877 1048 3943 Graecorum,
1067 3877 1164 3942 quibus
1182 3877 1263 3927 utitur
1280 3878 1419 3928 anmus:

285 3964 343 4014 κατ’
369 3961 486 4020 intusve:
515 3965 683 4031 aliquomodo
710 3965 897 4030 consentirent,
925 3965 947 4014 si
972 3964 1097 4029 scriptum
1121 3964 1250 4029 legeretur
1274 3961 1341 4010 κστίι
1364 3963 1422 4020 τοὺς

283 4052 470 4109 τοιούτοισι
489 4067 559 4101 nunc
577 4052 685 4100 omniuo
704 4051 806 4101 diversa
825 4056 893 4101 sunt.

332 4137 410 4201 Quod
435 4138 469 4187 sd
492 4153 523 4187 en
546 4153 613 4203 quse
638 4139 743 4187 Wznnlr
767 4137 849 4202 affert,
873 4137 937 4186 hacc
962 4136 1048 4186 minus
1067 4136 1145 4186 etium
1164 4135 1260 4186 velent.
1279 4137 1347 4187 Nam
1364 4137 1422 4204 lpsa

286 4224 423 4276 Pramus
441 4224 519 4272 verba
537 4239 584 4273 cur
601 4223 710 4289 pluralis
728 4230 865 4289 usurpetur
883 4224 1040 4289 explanant:
1058 4223 1087 4272 in
1106 4223 1239 4288 proverbii
1257 4225 1421 4275 consuetudi·

288 4325 348 4360 nem
371 4317 477 4360 venerat
500 4310 643 4360 sententia:
668 4325 722 4360 non
746 4310 817 4375 apud
840 4311 924 4360 solum
943 4311 1089 4360 Housnuu
1107 4309 1255 4375 legebatur:
1274 4311 1422 4376 complures

286 4403 404 4447 auctores
419 4397 475 4446 eius
490 4397 649 4447 mentionem
664 4397 777 4448 iaciunt:
792 4397 825 4447 ci.
842 4398 1066 4462 Anius-Humum
1082 4396 1151 4446 Anh.
1163 4412 1193 4446 zu
1203 4397 1315 4447 Homers
1326 4398 1421 4464 Odyss.

285 4483 335 4532 111.
353 4482 400 4533 lib.
418 4482 623 4548 X111-xvn1,
638 4499 697 4548 pag.
717 4496 766 4547 113
782 4483 826 4549 (ad
843 4502 854 4546 ρ
872 4481 943 4550 218);
958 4484 1125 4548 Bllcrtntnnrt,
1135 4482 1279 4548 Geflugelte
1290 4483 1379 4535 Worte
1392 4487 1422 4552 ¹¹,

285 4586 362 4636 pagg.
388 4578 450 4635 255,
473 4569 540 4636 2563
566 4570 628 4619 licet
652 4586 705 4620 non
730 4585 833 4636 semper
851 4571 941 4621 esdam
958 4569 1103 4620 sententiae
1121 4569 1204 4619 forma
1223 4569 1266 4636 sit,
1284 4575 1313 4619 ut
1330 4572 1421 4622 scribit

288 4659 377 4706 Aulus
395 4656 442 4707 1.1.:
462 4659 542 4722 ,Dies
560 4657 719 4723 Spricbwort
734 4659 768 4707 ist
782 4657 870 4727 hinfig
885 4673 938 4706 von
954 4657 1004 4706 den
1022 4656 1102 4706 Alten
1118 4657 1177 4707 teils
1193 4657 1311 4708 wortlich
1327 4659 1421 4726 citiert,

287 4743 345 4794 teils
364 4744 424 4795 dem
442 4745 523 4795 Sinne
541 4745 607 4795 nach
626 4745 823 4810 angewendet”.
843 4745 935 4811 ltaque
953 4760 1039 4810 neque
1057 4744 1152 4794 iniuria
1170 4745 1262 4796 Puro
1281 4745 1314 4796 ad
1333 4746 1421 4812 plures
