3724 5576
974 593 1022 664 28

487 782 592 857 Idem
630 784 670 858 fit
704 784 862 860 Theaet.
908 809 975 881 155
995 786 1048 860 D:
1087 782 1189 890 Χάριν
1225 771 1283 863 οὖν
1309 819 1366 890 μοι
1394 797 1480 889 εἴσει,
1507 783 1563 865 ε’ἀν

432 937 481 984 σοι
509 904 640 1011 ἀνδρός,
666 914 796 1012 μᾶλλον
824 907 860 986 δὲ
888 908 1016 1013 ἀνδρῶν
1040 910 1229 1012 ὀνομαστῶν
1251 921 1309 1000 τῆς
1332 912 1482 1001 διανοίας
1503 909 1563 996 τὴν

432 1027 589 1113 ἀλήθειαν
616 1027 906 1135 ἀποκεκρυμμένην
934 1032 1249 1134 σννεξερευνήσωμαι
1278 1026 1406 1134 αὐτῶν,

486 1149 655 1248 Itemque
683 1177 750 1249 per
776 1153 932 1228 ironiam
955 1152 1114 1227 Theaet.
1146 1175 1188 1247 15
1196 1151 1266 1246 5E
1290 1169 1439 1226 monet:
1458 1150 1562 1257 Ἀθρει

431 1273 474 1360 δὴ
512 1291 720 1378 περισκοπῶν,
753 1279 802 1380 μή
830 1308 878 1368 τις
904 1289 967 1353 τῶν
995 1274 1153 1379 ἀμυήτων
1182 1271 1342 1385 ἐποικοῦη,
1368 1291 1407 1350 et
1435 1281 1507 1370 156
1523 1274 1560 1348 A

433 1396 635 1471 afferuntur
671 1393 766 1476 ἄλλοι
784 1457 791 1472 .
811 1394 938 1478 ..πολὺ
976 1396 1180 1502 κομψότεροι,
1215 1392 1260 1476 διν
1295 1399 1408 1502 μέλλω
1444 1430 1493 1478 σοι
1520 1393 1562 1476 roi

430 1521 657 1623 μυστήρια
686 1519 799 1623 λέγειν.
816 1516 843 1618 1)

485 1641 527 1714 ln
566 1637 808 1739 Cratylo⁹)
845 1641 1007 1738 denique
1041 1666 1170 1715 eorum
1210 1665 1366 1733 morem,
1401 1641 1463 1738 qui
1494 1667 1562 1740 pro

431 1761 600 1836 doctrina
636 1763 793 1861 pretium
831 1763 982 1862 exigere
1013 1760 1186 1838 solebant
1223 1777 1261 1836 et
1298 1763 1339 1837 iis
1376 1761 1463 1838 solis
1501 1763 1563 1862 qui

432 1885 639 1982 pecuniam,
655 1900 835 1981 quantam
845 1899 1108 1983 poposcerant,
1119 1883 1320 1977 dedissent,
1331 1885 1563 1960 sermonibus

433 2007 489 2079 his
512 2023 553 2081 ut
574 2007 795 2081 interessent
818 2007 1088 2099 concedebant,
1105 2004 1234 2098 illudit,
1251 2007 1456 2082 Socnarnm
1470 2009 1564 2084 haec

432 2129 570 2204 iaciens
612 2129 816 2204 dicentem:
859 2135 888 2247 ‘l
919 2129 979 2234 μὲν
1015 2115 1072 2208 οὖν
1109 2127 1170 2234 ἐγδι
1207 2129 1272 2219 ibi
1309 2131 1438 2221 ἠκηκόη
1474 2127 1563 2236 παρὰ

431 2254 593 2355 Προδίκου
624 2252 683 2338 τὴν
713 2248 1067 2358 πεντηκοντάδραχμον
1105 2253 1268 2354 ἐπίδειξιν,
1305 2245 1345 2335 ἣν
1383 2248 1560 2331 ἀκούσαντι

430 2369 566 2479 ιἰπάρχει
602 2381 671 2477 περὶ
709 2381 800 2452 τοῦτο
836 2377 1079 2475 πεπαιδεῦσθαι,
1115 2370 1157 2465 ὥς
1189 2404 1282 2476 φησιν
1311 2375 1443 2477 ἐκεῖνος,
1468 2370 1561 2453 οὐδὲν

431 2493 473 2574 ἂν
501 2495 638 2576 ἐκώλυέν
666 2527 700 2575 σε
727 2492 846 2574 αὐτίκα
872 2494 969 2598 palu
998 2496 1114 2574 εἰδέναι
1141 2493 1200 2582 τὴν
1225 2494 1383 2581 ἀλήθειαν
1407 2503 1473 2602 περὶ
1493 2500 1563 2575 ὀνο·

430 2615 543 2722 μάτων
567 2619 754 2724 ὀρθότητος·
778 2625 835 2695 νῦν
859 2617 895 2696 δὲ
911 2613 971 2696 οιίκ
986 2615 1134 2712 ἀκήκοα,
1149 2611 1239 2694 ἀλλά
1251 2616 1310 2704 τὴν
1329 2621 1557 2724 δραχμιαίαν·

430 2736 547 2819 οὔκουν
580 2738 672 2843 οἶδα,
699 2755 744 2844 πῇ
772 2771 844 2818 ποτε
870 2741 906 2817 τὸ
933 2737 1053 2832 ἀληθὲς
1079 2736 1144 2843 ἔχει
1172 2745 1238 2843 περὶ
1268 2753 1332 2818 τῶν
1359 2736 1559 2840 τοιούτων.’)

476 3015 501 3084 1)
520 3011 682 3067 &ramma
705 3014 770 3064 haec
792 3013 826 3064 ad
843 3013 980 3064 obscuram
999 3013 1154 3078 Protagorae
1172 3013 1317 3062 orationem
1335 3013 1427 3064 refert:
1448 3014 1563 3067 Platon's

429 3102 591 3152 sammrliehe
615 3101 721 3152 Werlre.
746 3101 897 3151 Uebersetzt
918 3115 971 3149 von
990 3099 1176 3149 Hntaortvaws
1195 3098 1322 3165 Militat,
1341 3100 1388 3150 mit
1407 3101 1562 3169 Elnleitung

427 3188 553 3254 begleitet
570 3204 622 3239 von
639 3189 720 3238 Kana
736 3187 905 3253 samartani,
921 3186 970 3237 Ill.
990 3185 1067 3252 1852,
1082 3202 1142 3252 pag.
1160 3197 1208 3252 45:
1229 3202 1296 3251 ,nur
1312 3186 1372 3237 dass
1383 3203 1410 3237 er
1426 3186 1559 3258 [Prason]

429 3275 506 3342 den,
529 3275 591 3326 wie
616 3289 650 3324 es
669 3273 817 3340 scheint,
837 3279 938 3322 etwas
957 3271 1109 3323 dunkelu
1128 3273 1194 3322 und
1211 3273 1464 3324 rttbselbaiten
1483 3277 1561 3327 Aus-

429 3361 533 3412 druclr
561 3357 784 3429 deraelben⁴¹)
807 3359 865 3426 [der
889 3359 985 3410 Schrilt
1011 3359 1058 3409 des
1083 3359 1244 3427 Protagoras]
1264 3361 1292 3410 in
1310 3361 1369 3410 eine
1387 3359 1488 3412 klarere
1505 3363 1561 3413 und

427 3448 556 3500 scbtrlere
581 3450 659 3498 Form
682 3445 859 3512 bringt....”
878 3453 905 3496 et
923 3446 1038 3496 adhaec
1056 3445 1146 3497 adnot.
1165 3459 1199 3510 ην
1218 3445 1283 3514 (ol.
1302 3463 1364 3513 pag.
1383 3447 1461 3516 208):
1482 3450 1559 3516 ,νει

428 3537 454 3588 5.
477 3546 533 3602 1⁵²·
558 3537 614 3587 Nur
637 3537 666 3586 in
684 3536 768 3585 dieser
787 3534 931 3585 Rtlclrsicbt
952 3533 1050 3584 konnte
1069 3534 1112 3584 die
1131 3535 1255 3600 libripens
1274 3551 1303 3586 so
1321 3534 1487 3587 wasserklare
1506 3538 1561 3588 und

427 3622 629 3689 handgreiiiicbe
645 3622 757 3674 Ansicbt
766 3621 812 3672 des
825 3623 978 3687 Protagoras
988 3620 1014 3670 S.
1027 3620 1076 3687 156
1087 3622 1129 3672 ein
1141 3622 1293 3688 Mysterium
1302 3629 1418 3689 genanut
1426 3622 1559 3674 ποτάμι’·

428 3711 496 3762 Vide
515 3717 602 3760 tamen
621 3711 766 3760 warram
782 3709 817 3758 ad
834 3709 929 3758 locum.

473 3798 513 3848 Ci.
532 3805 665 3864 praeterea
683 3797 763 3862 Gorg.
779 3807 831 3860 ⁴93
852 3797 886 3862 A,
901 3810 954 3862 quo
970 3793 1029 3845 loco
1044 3794 1154 3845 adnotat
1171 3795 1292 3846 Statua:
1311 3796 1420 3862 „Neque
1433 3797 1483 3848 hoc
1499 3796 1558 3846 loco

428 3883 595 3950 (vocabulum
619 3882 727 3951 κομψός)
750 3889 826 3933 vacat
847 3883 976 3949 irrisione,
994 3883 1016 3932 si
1035 3881 1142 3947 quidem
1159 3882 1334 3946 Empedocles
1352 3884 1461 3950 eiusque
1480 3891 1561 3935 secta·

429 3979 499 4022 tores
518 3979 661 4038 propter
679 3971 854 4021 obscuram
871 3967 1017 4020 docendi
1036 3970 1204 4019 rationem
1222 3969 1437 4037 carpuntur.”

472 4059 501 4126 a)
519 4057 571 4123 384
579 4060 610 4109 B.

472 4144 501 4214 3)
519 4147 585 4196 Cum
609 4145 642 4194 iis
666 4159 733 4210 quae
758 4159 836 4210 supra
860 4143 916 4193 dixi
941 4159 993 4193 non
1014 4149 1115 4209 pugnat
1131 4143 1159 4193 id
1178 4144 1251 4210 quod
1269 4144 1365 4210 legitur
1382 4145 1489 4196 Theaet
1513 4141 1564 4195 180

428 4234 449 4283 C
475 4247 529 4298 sq.:
609 4234 676 4296 παρὰ
693 4231 934 4295 retardabantur
950 4233 1018 4293 μετὰ
1031 4229 1153 4289 σοιιίσιιις
1162 4228 1377 4294 irremuneratam
1386 4235 1446 4293 τοῦς
1454 4231 1565 4292 πολλούς

426 4353 496 4373 .....
517 4316 585 4378 παρὰ
608 4314 635 4365 δν
652 4319 702 4364 τῶν
719 4312 828 4376 antam
845 4314 893 4364 δτι
910 4311 1055 4378 anamim
1072 4310 1211 4376 ἀναφανδὸν
1228 4312 1448 4377 ἀποδεικννμδνιιν,
1464 4315 1504 4363 ‘lta
1522 4313 1565 4364 ιιιιδ

426 4399 452 4448 o!
465 4398 620 4460 σκυτοτόμοι
634 4394 717 4447 οὗτοι
730 4399 777 4455 τῆν
792 4396 882 4460 σοφίαν
899 4395 1008 4457 μύθοισιν
1022 4393 1177 4453 ἀκούσαντες
1187 4434 1193 4446 .
1203 4433 1209 4446 .
1220 4433 1225 4445 .
1236 4434 1243 4454 ,
1256 4397 1377 4458 μαθόντος
1392 4394 1414 4446 δ’
1430 4395 1470 4446 δτι
1479 4394 1565 4446 πάντα

426 4485 529 4533 marim
544 4488 652 4547 rapam
665 4479 759 4541 σδσοδς
774 4493 849 4534 κ.σ,κ.
866 4481 925 4530 Hoc
935 4480 993 4530 loco
1003 4495 1057 4530 uon
1066 4479 1100 4530 de
1109 4497 1208 4530 arcana
1218 4482 1331 4547 quadam
1341 4481 1460 4532 doctrina
1469 4481 1564 4547 agitur,

428 4585 443 4619 a
467 4570 572 4635 vulgata
597 4567 716 4619 doctrina
738 4568 904 4634 abhorrente,
930 4567 976 4617 sed
1000 4566 1032 4616 de
1057 4572 1163 4616 externa
1184 4567 1262 4618 unius
1282 4569 1415 4620 doctrinae
1435 4569 1517 4618 forma
1534 4582 1565 4616 ac

428 4657 516 4722 specie
548 4656 713 4708 abstrusiora.
740 4656 876 4706 Platonem
903 4670 964 4705 vero
991 4669 1045 4704 non
1073 4669 1179 4705 necesse
1206 4654 1342 4724 habuisse,
1368 4655 1563 4707 multitudinem
