3698 5574
950 633 1025 683 200

419 837 525 884 secus
548 811 668 909 agitis,
692 811 873 909 laborque
893 826 1018 884 vester
1041 808 1158 884 multo
1179 825 1236 884 est
1249 809 1386 884 levior:
1402 834 1550 883 enume-

418 934 507 1007 ratis
534 934 627 1007 deos
649 950 795 1008 vestros
818 959 1023 1031 eorumque
1045 958 1187 1031 genera
1211 933 1420 1024 recensetis
1446 932 1550 1030 quasi

419 1056 486 1154 ipsi
511 1056 737 1130 adfuissetis:
763 1055 899 1129 scilicet
923 1056 959 1128 id
984 1055 1117 1146 tacere,
1133 1055 1312 1129 vobissas
1326 1070 1395 1146 est,
1411 1055 1551 1152 quippe

419 1179 481 1276 qui
509 1205 532 1252 a
561 1179 629 1251 diis
653 1179 708 1251 his
732 1179 925 1252 oriundam
949 1203 1031 1252 esse
1054 1194 1219 1252 vestram
1243 1187 1437 1274 po‘e'tarum
1462 1202 1550 1275 gen·

418 1316 494 1375 tem
519 1301 783 1398 profiteamini:
809 1301 936 1399 itaque
959 1301 1007 1374 dii
1032 1301 1190 1374 maiores
1212 1316 1296 1374 sunt
1316 1301 1449 1374 vestri:
1470 1300 1550 1397 quis

419 1439 543 1498 autern
574 1424 733 1497 maiores
759 1449 846 1497 suos
874 1449 949 1496 non
974 1423 1139 1496 noverit?
1165 1422 1257 1496 Mihi
1279 1448 1371 1497 vero
1394 1422 1451 1495 fas
1475 1447 1549 1495 non

418 1561 486 1636 est,
512 1545 645 1636 dicere,
670 1569 768 1644 quae
793 1547 974 1620 nesciam:
1000 1547 1126 1643 itaque
1148 1571 1218 1619 vos
1237 1571 1297 1620 me
1311 1546 1466 1636 docete3
1481 1571 1551 1617 vos

418 1667 516 1741 enim
544 1668 661 1764 probe
690 1669 815 1742 nostis.

473 1791 581 1865 Haec
609 1791 696 1866 mihi
723 1817 791 1888 per
818 1792 973 1865 ironiam
1002 1791 1209 1890 significare
1233 1791 1378 1864 videtur
1403 1791 1548 1864 Pnnro:

418 1940 627 2013 quaecum
656 1914 704 1988 ad
732 1914 943 2005 Timaeum,
973 1931 1051 1987 tum
1080 1915 1128 1988 ad
1152 1914 1348 1987 universae
1372 1914 1450 1986 eius
1473 1913 1549 2010 phi-

417 2034 612 2134 losophiae
639 2037 822 2110 rationem
851 2037 991 2133 optime
1020 2052 1110 2133 puto
1140 2036 1336 2134 quadrare.

475 2283 583 2358 Haec
610 2283 722 2357 habui
751 2308 849 2381 quae
876 2283 924 2357 de
952 2281 1021 2356 loci
1050 2282 1353 2379 interpretatione
1377 2281 1547 2356 dicerem.

417 2404 574 2480 Summa
623 2421 749 2479 autem
791 2421 848 2478 est
889 2405 1003 2478 haec:
1046 2404 1227 2478 iniuria
1269 2403 1420 2477 verba
1460 2414 1550 2496 τοῖς

418 2529 645 2632 εἰρηκόσιν
673 2525 915 2631 ἔμπροσθεν
944 2529 1002 2601 ad
1032 2528 1281 2625 Orpheum
1310 2525 1499 2601 referri.

478 2797 535 2846 11.
563 2771 677 2845 Hisce
701 2771 750 2845 ad
764 2772 901 2845 exitum
917 2772 1102 2868 perductis
1111 2769 1138 2870 ¹)
1153 2771 1221 2846 toti
1236 2771 1319 2844 huic
1333 2771 1382 2846 de
1397 2771 1552 2870 Orpheo

424 2923 609 2935 uun—nuncnun-

467 3001 492 3068 1)
511 3001 589 3051 Mitto
609 3001 651 3050 hic
670 3001 756 3052 dicere
775 3001 808 3053 de
827 3001 928 3068 Protag.
948 3002 999 3065 316
1010 3003 1045 3068 D,
1064 3001 1162 3067 Cratyl.
1178 3014 1230 3063 400
1241 3001 1272 3064 C,
1288 3016 1354 3066 qnos
1363 3001 1436 3050 locos
1447 3001 1552 3050 Wmn

419 3097 602 3139 commemorat
635 3105 658 3138 o.
676 3089 694 3138 l.
728 3105 787 3154 pag.
821 3101 868 3152 33:
903 3089 1031 3154 posterior
1064 3089 1119 3139 sine
1150 3089 1230 3138 dubio
1260 3089 1294 3137 ed
1322 3087 1392 3137 solos
1423 3089 1553 3154 Orphicos

419 3177 547 3241 pertinet:
575 3176 647 3241 quod
674 3191 704 3224 ex
733 3191 763 3224 eo
791 3176 892 3240 colligit
921 3177 1025 3225 Wusutt
1052 3174 1138 3240 („Der
1166 3175 1235 3225 Sata:
1267 3176 1333 3238 „Die
1362 3175 1437 3225 Seele
1463 3176 1497 3225 ist
1524 3177 1552 3225 in

419 3262 470 3312 den
488 3263 554 3312 Leib
572 3263 611 3313 als
629 3263 658 3311 in
675 3262 718 3311 ihr
736 3261 881 3326 Gefdngnis
899 3261 1031 3329 gebaunt''
1051 3262 1115 3311 wird
1133 3263 1169 3311 im
1188 3261 1255 3312 Crat.
1275 3263 1359 3324 400C
1378 3263 1417 3312 als
1435 3263 1477 3312 ein
1494 3263 1552 3312 Setz

422 3349 512 3412 „derer
541 3364 583 3397 um
614 3345 664 3398 O.’'
696 3347 843 3412 angesuhrt,
871 3348 904 3397 Ο.
931 3348 1093 3398 demnach
1120 3347 1205 3396 doch
1233 3347 1322 3396 wohl
1348 3349 1399 3398 als
1428 3348 1552 3399 Stifter

420 3435 514 3484 einer
537 3435 621 3484 nach
648 3434 714 3484 ihm
740 3435 935 3484 benenaten
962 3435 1061 3484 Sekte
1083 3434 1316 3501 betrachtet''),
1341 3435 1369 3485 id
1388 3437 1433 3501 qui
1453 3453 1467 3486 e
1486 3436 1552 3487 PLA-

419 3533 498 3571 Torus
516 3522 602 3572 verbis
621 3522 686 3571 effici
706 3523 798 3588 possit,
816 3538 870 3572 non
889 3522 979 3572 video:
1001 3522 1124 3588 Orphicis
1142 3537 1238 3571 nomen
1256 3530 1310 3572 eret
1324 3521 1351 3568 ol
1362 3518 1431 3584 ἀμφὶ
1447 3518 1552 3583 ’Oppiam

419 3610 507 3673 itaque
531 3607 705 3672 Orphicorum
728 3609 884 3657 senteutiam
908 3609 1026 3672 afferens,
1049 3608 1150 3673 vulgari
1176 3624 1228 3673 quo
1247 3609 1429 3660 indicabantur
1446 3611 1552 3661 nomine

420 3696 500 3744 utitur
518 3696 622 3744 Pharo:
642 3692 668 3740 οἱ
681 3690 748 3754 ἀμφὶ
765 3689 870 3754 Ὀρφέως
890 3695 1001 3760 amplius
1020 3694 1094 3746 nihil.

464 3781 536 3830 Prior
552 3789 639 3831 autem
653 3781 726 3830 locus
741 3782 842 3831 etiamsi
857 3781 890 3830 ad
906 3782 992 3846 ipsum
1009 3781 1142 3847 Orpheum
1151 3782 1185 3831 sit
1195 3781 1353 3846 referendus,
1363 3783 1551 3835 Pnotnoottntt

420 3869 573 3935 opinionem
591 3867 718 3932 continet,
737 3883 791 3916 uon
811 3867 951 3918 Socttn'tts

464 3956 597 4005 Praeterea
614 3954 657 4004 hic
675 3956 726 4004 iam
742 3961 849 4004 tractare
866 3963 982 4020 poteram
997 3955 1083 4004 locum
1099 3955 1132 4005 de
1145 3971 1199 4020 qno
1209 3962 1301 4021 postea
1310 3964 1409 4024 egetur,
1419 3957 1553 4008 Phaedon.

420 4040 485 4103 69C
511 4040 584 4090 dieo:
607 4037 648 4086 nat
665 4035 829 4087 κινδυνεύουσι
848 4037 890 4086 καὶ
907 4039 933 4088 οἱ
947 4041 995 4097 τὰς
1012 4041 1120 4097 τελετὰς
1137 4037 1195 4100 ἡμῖν
1212 4033 1280 4088 οὗτοι
1299 4042 1511 4100 καταστήσαντα
1527 4041 1554 4092 οὐ

419 4127 510 4185 portare
529 4121 598 4180 thar,
616 4125 685 4174 rim
703 4131 739 4188 τῷ
755 4124 808 4174 ’ὄντι
827 4124 908 4174 πάλαι
926 4123 1091 4183 attineretur,
1108 4125 1148 4174 dri
1167 4137 1242 4177 urna.

465 4209 563 4272 Utique
580 4208 656 4259 huius
676 4210 727 4259 loci
747 4210 896 4278 testimonio
917 4226 983 4275 quae
1003 4226 1080 4276 supra
1099 4213 1170 4276 quod
1188 4213 1220 4262 ad
1240 4213 1376 4262 Pnnrouts
1394 4213 1427 4264 de
1446 4213 1554 4280 Orpheo

422 4295 576 4344 seutentiam
600 4295 686 4362 docui,
705 4311 863 4361 magnopere
883 4296 1003 4346 videntur
1022 4297 1175 4348 confirmari.
1192 4299 1297 4349 Etenim
1315 4300 1449 4365 Orpheum
1464 4308 1559 4365 myste-

422 4380 517 4430 riorum
546 4381 578 4429 de
606 4383 701 4446 quibus
729 4383 771 4431 hic
798 4383 882 4446 agitur
910 4384 1070 4433 conditorem
1098 4384 1187 4448 tuisse,
1214 4386 1277 4436 haec
1306 4387 1441 4436 Ptnrorus
1466 4389 1558 4438 aetatis

423 4468 566 4517 communis
591 4468 645 4518 iere
669 4476 724 4518 erat
749 4469 850 4534 opinio,
875 4469 903 4518 id
927 4470 999 4533 quod
1024 4471 1151 4536 imprimis
1176 4481 1285 4538 apparet
1304 4490 1336 4523 ex
1355 4475 1559 4525 Aristot'unrtts

424 4551 470 4601 iilo
487 4569 562 4603 versu
581 4556 648 4604 Rau.
671 4566 752 4617 1032:

540 4669 634 4730 ορφιϋς
652 4668 697 4728 μὶν
713 4670 763 4731 γὰρ
781 4668 890 4727 τελετάς
908 4668 929 4719 θ’
946 4668 1003 4732 ἡμῖν
1020 4669 1149 4738 κατέδειξε
1165 4675 1242 4734 φόνων
1259 4675 1284 4723 r²
1301 4672 1453 4738 ἀπέχεσθαι.
