<?xml version="1.0" encoding="UTF-8"?>
<!DOCTYPE html PUBLIC "-//W3C//DTD XHTML 1.0 Transitional//EN"
    "http://www.w3.org/TR/xhtml1/DTD/xhtml1-transitional.dtd">
<html xmlns="http://www.w3.org/1999/xhtml" xml:lang="en" lang="en">
 <head>
  <title>
</title>
<meta http-equiv="Content-Type" content="text/html;charset=utf-8" />
  <meta name='ocr-system' content='tesseract 3.04.00' />
  <meta name='ocr-capabilities' content='ocr_page ocr_carea ocr_par ocr_line ocrx_word'/>
</head>
<body>
  <div class='ocr_page' id='page_1' title='image "./deplatonepraeso01woltgoog_0055.png"; bbox 0 0 3724 5576; ppageno 0'>
   <div class='ocr_carea' id='block_1_1' title="bbox 957 640 1005 730">
    <p class='ocr_par' dir='ltr' id='par_1_1' title="bbox 957 640 1005 730">
     <span class='ocr_line' id='line_1_1' title="bbox 957 640 1005 730; baseline 0 -20"><span class='ocrx_word' id='word_1_1' title='bbox 957 640 1005 730; x_wconf 83' lang='lat'>38</span> 
     </span>
    </p>
   </div>
   <div class='ocr_carea' id='block_1_2' title="bbox 413 833 1549 2766">
    <p class='ocr_par' dir='ltr' id='par_1_2' title="bbox 413 833 1549 2766">
     <span class='ocr_line' id='line_1_2' title="bbox 473 833 1545 930; baseline -0.003 -21"><span class='ocrx_word' id='word_1_2' title='bbox 473 860 530 929; x_wconf 84' lang='lat'>13.</span> <span class='ocrx_word' id='word_1_3' title='bbox 557 835 599 909; x_wconf 93' lang='lat' dir='ltr'>C.</span> <span class='ocrx_word' id='word_1_4' title='bbox 630 835 774 930; x_wconf 83' lang='lat' dir='ltr'>Quod</span> <span class='ocrx_word' id='word_1_5' title='bbox 804 833 861 908; x_wconf 92' lang='lat' dir='ltr'>ad</span> <span class='ocrx_word' id='word_1_6' title='bbox 891 834 1173 906; x_wconf 91' lang='lat' dir='ltr'>universam</span> <span class='ocrx_word' id='word_1_7' title='bbox 1198 833 1545 930; x_wconf 86' lang='lat' dir='ltr'>quaestionem</span> 
     </span>
     <span class='ocr_line' id='line_1_3' title="bbox 413 955 1547 1056; baseline -0.001 -25"><span class='ocrx_word' id='word_1_8' title='bbox 413 959 575 1056; x_wconf 89' lang='lat' dir='ltr'>denique</span> <span class='ocrx_word' id='word_1_9' title='bbox 611 959 711 1031; x_wconf 87' lang='lat' dir='ltr'>iuxta</span> <span class='ocrx_word' id='word_1_10' title='bbox 749 957 786 1030; x_wconf 91' lang='lat' dir='ltr'>id</span> <span class='ocrx_word' id='word_1_11' title='bbox 823 956 926 1055; x_wconf 91' lang='lat' dir='ltr'>quod</span> <span class='ocrx_word' id='word_1_12' title='bbox 963 971 1155 1054; x_wconf 91' lang='lat' dir='ltr'>postremo</span> <span class='ocrx_word' id='word_1_13' title='bbox 1187 955 1446 1047; x_wconf 81' lang='lat' dir='ltr'>animadverti,</span> <span class='ocrx_word' id='word_1_14' title='bbox 1476 956 1547 1030; x_wconf 91' lang='lat' dir='ltr'>hoc</span> 
     </span>
     <span class='ocr_line' id='line_1_4' title="bbox 413 1077 1547 1178; baseline 0 -26"><span class='ocrx_word' id='word_1_15' title='bbox 413 1081 611 1178; x_wconf 89' lang='lat' dir='ltr'>praecipue</span> <span class='ocrx_word' id='word_1_16' title='bbox 640 1079 912 1178; x_wconf 93' lang='lat' dir='ltr'>providendum</span> <span class='ocrx_word' id='word_1_17' title='bbox 937 1078 1025 1152; x_wconf 91' lang='lat' dir='ltr'>mihi</span> <span class='ocrx_word' id='word_1_18' title='bbox 1049 1077 1206 1169; x_wconf 82' lang='lat' dir='ltr'>videtur,</span> <span class='ocrx_word' id='word_1_19' title='bbox 1232 1103 1280 1151; x_wconf 92' lang='lat' dir='ltr'>ne</span> <span class='ocrx_word' id='word_1_20' title='bbox 1302 1093 1368 1151; x_wconf 90' lang='lat' dir='ltr'>aut</span> <span class='ocrx_word' id='word_1_21' title='bbox 1391 1093 1547 1152; x_wconf 87' lang='lat' dir='ltr'>externa</span> 
     </span>
     <span class='ocr_line' id='line_1_5' title="bbox 413 1199 1547 1300; baseline -0.001 -25"><span class='ocrx_word' id='word_1_22' title='bbox 413 1202 577 1300; x_wconf 92' lang='lat' dir='ltr'>quadam</span> <span class='ocrx_word' id='word_1_23' title='bbox 592 1202 716 1300; x_wconf 89' lang='lat' dir='ltr'>specie</span> <span class='ocrx_word' id='word_1_24' title='bbox 731 1201 960 1291; x_wconf 84' lang='lat' dir='ltr'>inducamur,</span> <span class='ocrx_word' id='word_1_25' title='bbox 977 1215 1017 1274; x_wconf 93' lang='lat' dir='ltr'>ut</span> <span class='ocrx_word' id='word_1_26' title='bbox 1031 1200 1126 1273; x_wconf 91' lang='lat' dir='ltr'>inter</span> <span class='ocrx_word' id='word_1_27' title='bbox 1137 1199 1346 1273; x_wconf 77' lang='lat' dir='ltr'>Puntouuu</span> <span class='ocrx_word' id='word_1_28' title='bbox 1357 1214 1395 1274; x_wconf 91' lang='lat' dir='ltr'>et</span> <span class='ocrx_word' id='word_1_29' title='bbox 1404 1201 1547 1297; x_wconf 89' lang='lat' dir='ltr'>priores</span> 
     </span>
     <span class='ocr_line' id='line_1_6' title="bbox 414 1322 1547 1422; baseline -0.001 -26"><span class='ocrx_word' id='word_1_30' title='bbox 414 1323 688 1398; x_wconf 90' lang='lat' dir='ltr'>similitudinem</span> <span class='ocrx_word' id='word_1_31' title='bbox 717 1322 881 1422; x_wconf 85' lang='lat' dir='ltr'>aliquam</span> <span class='ocrx_word' id='word_1_32' title='bbox 910 1323 988 1396; x_wconf 90' lang='lat' dir='ltr'>sive</span> <span class='ocrx_word' id='word_1_33' title='bbox 1018 1347 1153 1396; x_wconf 89' lang='lat' dir='ltr'>nexum</span> <span class='ocrx_word' id='word_1_34' title='bbox 1181 1336 1220 1396; x_wconf 91' lang='lat' dir='ltr'>et</span> <span class='ocrx_word' id='word_1_35' title='bbox 1247 1322 1547 1396; x_wconf 87' lang='lat' dir='ltr'>convenientiam</span> 
     </span>
     <span class='ocr_line' id='line_1_7' title="bbox 414 1443 1547 1538; baseline -0.001 -19"><span class='ocrx_word' id='word_1_36' title='bbox 414 1462 633 1538; x_wconf 65' lang='lat' dir='ltr'>statuamus</span> <span class='ocrx_word' id='word_1_37' title='bbox 663 1463 728 1520; x_wconf 93' lang='lat' dir='ltr'>aut</span> <span class='ocrx_word' id='word_1_38' title='bbox 755 1447 832 1519; x_wconf 92' lang='lat' dir='ltr'>iure</span> <span class='ocrx_word' id='word_1_39' title='bbox 861 1460 1003 1519; x_wconf 86' lang='lat' dir='ltr'>statuto</span> <span class='ocrx_word' id='word_1_40' title='bbox 1026 1443 1090 1518; x_wconf 91' lang='lat' dir='ltr'>tali</span> <span class='ocrx_word' id='word_1_41' title='bbox 1114 1469 1310 1536; x_wconf 85' lang='lat' dir='ltr'>consensu,</span> <span class='ocrx_word' id='word_1_42' title='bbox 1337 1445 1547 1519; x_wconf 90' lang='lat' dir='ltr'>necessario</span> 
     </span>
     <span class='ocr_line' id='line_1_8' title="bbox 414 1565 1545 1642; baseline -0.001 0"><span class='ocrx_word' id='word_1_43' title='bbox 414 1594 461 1642; x_wconf 87' lang='lat' dir='ltr'>ex</span> <span class='ocrx_word' id='word_1_44' title='bbox 488 1569 544 1641; x_wconf 92' lang='lat' dir='ltr'>his</span> <span class='ocrx_word' id='word_1_45' title='bbox 572 1567 673 1642; x_wconf 90' lang='lat' dir='ltr'>illum</span> <span class='ocrx_word' id='word_1_46' title='bbox 701 1568 868 1642; x_wconf 87' lang='lat' dir='ltr'>hausisse</span> <span class='ocrx_word' id='word_1_47' title='bbox 897 1565 1172 1642; x_wconf 88' lang='lat' dir='ltr'>concludamus.</span> <span class='ocrx_word' id='word_1_48' title='bbox 1205 1565 1305 1640; x_wconf 91' lang='lat' dir='ltr'>Nam</span> <span class='ocrx_word' id='word_1_49' title='bbox 1331 1592 1414 1640; x_wconf 92' lang='lat' dir='ltr'>cum</span> <span class='ocrx_word' id='word_1_50' title='bbox 1439 1566 1545 1642; x_wconf 88' lang='lat' dir='ltr'>iacile</span> 
     </span>
     <span class='ocr_line' id='line_1_9' title="bbox 416 1689 1547 1789; baseline -0.002 -25"><span class='ocrx_word' id='word_1_51' title='bbox 416 1690 493 1764; x_wconf 88' lang='lat' dir='ltr'>fieri</span> <span class='ocrx_word' id='word_1_52' title='bbox 529 1692 657 1788; x_wconf 84' lang='lat' dir='ltr'>possit,</span> <span class='ocrx_word' id='word_1_53' title='bbox 697 1706 736 1764; x_wconf 93' lang='lat' dir='ltr'>ut</span> <span class='ocrx_word' id='word_1_54' title='bbox 773 1691 892 1789; x_wconf 91' lang='lat' dir='ltr'>primo</span> <span class='ocrx_word' id='word_1_55' title='bbox 931 1690 1082 1786; x_wconf 91' lang='lat' dir='ltr'>quidem</span> <span class='ocrx_word' id='word_1_56' title='bbox 1111 1690 1244 1763; x_wconf 91' lang='lat' dir='ltr'>obtutu</span> <span class='ocrx_word' id='word_1_57' title='bbox 1272 1689 1547 1764; x_wconf 89' lang='lat' dir='ltr'>similitudinem</span> 
     </span>
     <span class='ocr_line' id='line_1_10' title="bbox 416 1811 1549 1910; baseline -0.001 -23"><span class='ocrx_word' id='word_1_58' title='bbox 416 1811 579 1910; x_wconf 89' lang='lat' dir='ltr'>aliquam</span> <span class='ocrx_word' id='word_1_59' title='bbox 617 1813 751 1887; x_wconf 88' lang='lat' dir='ltr'>adesse</span> <span class='ocrx_word' id='word_1_60' title='bbox 786 1828 970 1910; x_wconf 81' lang='lat' dir='ltr'>putemus,</span> <span class='ocrx_word' id='word_1_61' title='bbox 1000 1812 1135 1886; x_wconf 90' lang='lat' dir='ltr'>deinde</span> <span class='ocrx_word' id='word_1_62' title='bbox 1165 1828 1291 1886; x_wconf 89' lang='lat' dir='ltr'>autem</span> <span class='ocrx_word' id='word_1_63' title='bbox 1320 1813 1395 1885; x_wconf 90' lang='lat' dir='ltr'>acri</span> <span class='ocrx_word' id='word_1_64' title='bbox 1423 1813 1549 1886; x_wconf 93' lang='lat' dir='ltr'>animo</span> 
     </span>
     <span class='ocr_line' id='line_1_11' title="bbox 416 1932 1546 2027; baseline -0.001 -18"><span class='ocrx_word' id='word_1_65' title='bbox 416 1952 455 2010; x_wconf 89' lang='lat' dir='ltr'>et</span> <span class='ocrx_word' id='word_1_66' title='bbox 488 1951 633 2010; x_wconf 87' lang='lat' dir='ltr'>attento</span> <span class='ocrx_word' id='word_1_67' title='bbox 671 1937 868 2027; x_wconf 87' lang='lat' dir='ltr'>intuentes,</span> <span class='ocrx_word' id='word_1_68' title='bbox 898 1951 963 2008; x_wconf 92' lang='lat' dir='ltr'>aut</span> <span class='ocrx_word' id='word_1_69' title='bbox 991 1935 1142 2007; x_wconf 92' lang='lat' dir='ltr'>omnino</span> <span class='ocrx_word' id='word_1_70' title='bbox 1170 1959 1245 2008; x_wconf 94' lang='lat' dir='ltr'>non</span> <span class='ocrx_word' id='word_1_71' title='bbox 1275 1950 1404 2008; x_wconf 85' lang='lat' dir='ltr'>extare</span> <span class='ocrx_word' id='word_1_72' title='bbox 1433 1932 1546 2027; x_wconf 86' lang='lat' dir='ltr'>illam,</span> 
     </span>
     <span class='ocr_line' id='line_1_12' title="bbox 417 2057 1547 2155; baseline 0 -23"><span class='ocrx_word' id='word_1_73' title='bbox 417 2074 481 2132; x_wconf 91' lang='lat' dir='ltr'>aut</span> <span class='ocrx_word' id='word_1_74' title='bbox 509 2073 586 2132; x_wconf 89' lang='lat' dir='ltr'>tam</span> <span class='ocrx_word' id='word_1_75' title='bbox 614 2083 852 2133; x_wconf 91' lang='lat' dir='ltr'>communem</span> <span class='ocrx_word' id='word_1_76' title='bbox 880 2084 924 2132; x_wconf 92' lang='lat' dir='ltr'>ac</span> <span class='ocrx_word' id='word_1_77' title='bbox 951 2057 1076 2130; x_wconf 90' lang='lat' dir='ltr'>tritam</span> <span class='ocrx_word' id='word_1_78' title='bbox 1099 2082 1182 2131; x_wconf 89' lang='lat' dir='ltr'>esse</span> <span class='ocrx_word' id='word_1_79' title='bbox 1205 2058 1490 2155; x_wconf 80' lang='lat' dir='ltr'>comperiamus,</span> <span class='ocrx_word' id='word_1_80' title='bbox 1506 2074 1547 2132; x_wconf 93' lang='lat' dir='ltr'>ut</span> 
     </span>
     <span class='ocr_line' id='line_1_13' title="bbox 417 2178 1546 2279; baseline 0 -26"><span class='ocrx_word' id='word_1_81' title='bbox 417 2178 541 2278; x_wconf 86' lang='lat' dir='ltr'>colligi</span> <span class='ocrx_word' id='word_1_82' title='bbox 568 2181 654 2254; x_wconf 89' lang='lat' dir='ltr'>inde</span> <span class='ocrx_word' id='word_1_83' title='bbox 678 2180 881 2279; x_wconf 87' lang='lat' dir='ltr'>quidquam</span> <span class='ocrx_word' id='word_1_84' title='bbox 905 2205 980 2253; x_wconf 92' lang='lat' dir='ltr'>non</span> <span class='ocrx_word' id='word_1_85' title='bbox 996 2178 1117 2270; x_wconf 88' lang='lat' dir='ltr'>liceat,</span> <span class='ocrx_word' id='word_1_86' title='bbox 1134 2195 1280 2253; x_wconf 83' lang='lat' dir='ltr'>—tum</span> <span class='ocrx_word' id='word_1_87' title='bbox 1294 2205 1386 2255; x_wconf 86' lang='lat' dir='ltr'>vero</span> <span class='ocrx_word' id='word_1_88' title='bbox 1401 2181 1546 2255; x_wconf 89' lang='lat' dir='ltr'>etiamsi</span> 
     </span>
     <span class='ocr_line' id='line_1_14' title="bbox 420 2301 1549 2401; baseline 0.001 -25"><span class='ocrx_word' id='word_1_89' title='bbox 420 2303 497 2376; x_wconf 93' lang='lat' dir='ltr'>iure</span> <span class='ocrx_word' id='word_1_90' title='bbox 531 2301 729 2376; x_wconf 89' lang='lat' dir='ltr'>similitudo</span> <span class='ocrx_word' id='word_1_91' title='bbox 757 2303 804 2376; x_wconf 91' lang='lat' dir='ltr'>sit</span> <span class='ocrx_word' id='word_1_92' title='bbox 831 2318 983 2393; x_wconf 77' lang='lat' dir='ltr'>statuta,</span> <span class='ocrx_word' id='word_1_93' title='bbox 1013 2303 1164 2376; x_wconf 94' lang='lat' dir='ltr'>omnino</span> <span class='ocrx_word' id='word_1_94' title='bbox 1193 2327 1267 2376; x_wconf 91' lang='lat' dir='ltr'>non</span> <span class='ocrx_word' id='word_1_95' title='bbox 1296 2303 1461 2401; x_wconf 90' lang='lat' dir='ltr'>sequitur</span> <span class='ocrx_word' id='word_1_96' title='bbox 1488 2328 1549 2377; x_wconf 92' lang='lat' dir='ltr'>ne·</span> 
     </span>
     <span class='ocr_line' id='line_1_15' title="bbox 418 2423 1549 2521; baseline 0.002 -23"><span class='ocrx_word' id='word_1_97' title='bbox 418 2425 589 2514; x_wconf 79' lang='lat' dir='ltr'>cessario,</span> <span class='ocrx_word' id='word_1_98' title='bbox 616 2441 655 2498; x_wconf 93' lang='lat' dir='ltr'>ut</span> <span class='ocrx_word' id='word_1_99' title='bbox 678 2450 724 2498; x_wconf 87' lang='lat' dir='ltr'>ex</span> <span class='ocrx_word' id='word_1_100' title='bbox 748 2425 930 2521; x_wconf 91' lang='lat' dir='ltr'>prioribus</span> <span class='ocrx_word' id='word_1_101' title='bbox 954 2425 1081 2498; x_wconf 77' lang='lat' dir='ltr'>Punto</span> <span class='ocrx_word' id='word_1_102' title='bbox 1096 2424 1270 2515; x_wconf 83' lang='lat' dir='ltr'>hauserit,</span> <span class='ocrx_word' id='word_1_103' title='bbox 1287 2451 1370 2498; x_wconf 92' lang='lat' dir='ltr'>cum</span> <span class='ocrx_word' id='word_1_104' title='bbox 1386 2439 1423 2499; x_wconf 96' lang='lat' dir='ltr'>et</span> <span class='ocrx_word' id='word_1_105' title='bbox 1438 2423 1549 2500; x_wconf 91' lang='lat' dir='ltr'>hicet</span> 
     </span>
     <span class='ocr_line' id='line_1_16' title="bbox 420 2545 1547 2645; baseline 0 -25"><span class='ocrx_word' id='word_1_106' title='bbox 420 2545 468 2620; x_wconf 93' lang='lat' dir='ltr'>illi</span> <span class='ocrx_word' id='word_1_107' title='bbox 492 2547 627 2621; x_wconf 89' lang='lat' dir='ltr'>eodem</span> <span class='ocrx_word' id='word_1_108' title='bbox 655 2547 756 2621; x_wconf 83' lang='lat' dir='ltr'>sonte</span> <span class='ocrx_word' id='word_1_109' title='bbox 779 2546 886 2621; x_wconf 89' lang='lat' dir='ltr'>nobis</span> <span class='ocrx_word' id='word_1_110' title='bbox 909 2548 1039 2645; x_wconf 86' lang='lat' dir='ltr'>ignoto</span> <span class='ocrx_word' id='word_1_111' title='bbox 1063 2547 1117 2620; x_wconf 93' lang='lat' dir='ltr'>usi</span> <span class='ocrx_word' id='word_1_112' title='bbox 1139 2571 1221 2620; x_wconf 88' lang='lat' dir='ltr'>esse</span> <span class='ocrx_word' id='word_1_113' title='bbox 1242 2548 1394 2645; x_wconf 92' lang='lat' dir='ltr'>possint.</span> <span class='ocrx_word' id='word_1_114' title='bbox 1421 2548 1547 2642; x_wconf 84' lang='lat' dir='ltr'>Quam</span> 
     </span>
     <span class='ocr_line' id='line_1_17' title="bbox 419 2669 1546 2766; baseline 0.002 -24"><span class='ocrx_word' id='word_1_115' title='bbox 419 2670 469 2743; x_wconf 96' lang='lat' dir='ltr'>ob</span> <span class='ocrx_word' id='word_1_116' title='bbox 496 2695 647 2743; x_wconf 91' lang='lat' dir='ltr'>causam</span> <span class='ocrx_word' id='word_1_117' title='bbox 676 2669 811 2742; x_wconf 89' lang='lat' dir='ltr'>multas</span> <span class='ocrx_word' id='word_1_118' title='bbox 837 2670 930 2744; x_wconf 85' lang='lat' dir='ltr'>haec</span> <span class='ocrx_word' id='word_1_119' title='bbox 954 2694 1105 2766; x_wconf 93' lang='lat' dir='ltr'>quoque</span> <span class='ocrx_word' id='word_1_120' title='bbox 1127 2694 1188 2744; x_wconf 88' lang='lat' dir='ltr'>res</span> <span class='ocrx_word' id='word_1_121' title='bbox 1211 2670 1326 2744; x_wconf 91' lang='lat' dir='ltr'>habet</span> <span class='ocrx_word' id='word_1_122' title='bbox 1344 2671 1546 2744; x_wconf 90' lang='lat' dir='ltr'>cautiones.</span> 
     </span>
    </p>
   </div>
   <div class='ocr_carea' id='block_1_3' title="bbox 419 2881 1553 3714">
    <p class='ocr_par' dir='ltr' id='par_1_3' title="bbox 419 2881 1550 3348">
     <span class='ocr_line' id='line_1_18' title="bbox 478 2881 1549 2976; baseline 0 -20"><span class='ocrx_word' id='word_1_123' title='bbox 478 2907 535 2976; x_wconf 86' lang='lat'>14.</span> <span class='ocrx_word' id='word_1_124' title='bbox 565 2883 630 2956; x_wconf 91' lang='grc' dir='ltr'><strong>ΙΙΙ.</strong></span> <span class='ocrx_word' id='word_1_125' title='bbox 661 2881 804 2956; x_wconf 90' lang='lat' dir='ltr'>Omnes</span> <span class='ocrx_word' id='word_1_126' title='bbox 840 2884 910 2957; x_wconf 89' lang='lat' dir='ltr'>has</span> <span class='ocrx_word' id='word_1_127' title='bbox 942 2882 1176 2957; x_wconf 87' lang='lat' dir='ltr'>difficultates</span> <span class='ocrx_word' id='word_1_128' title='bbox 1203 2883 1333 2972; x_wconf 87' lang='lat' dir='ltr'>evitari</span> <span class='ocrx_word' id='word_1_129' title='bbox 1361 2899 1426 2958; x_wconf 86' lang='lat' dir='ltr'>aut</span> <span class='ocrx_word' id='word_1_130' title='bbox 1453 2883 1549 2957; x_wconf 92' lang='lat' dir='ltr'>vinci</span> 
     </span>
     <span class='ocr_line' id='line_1_19' title="bbox 419 3003 1550 3103; baseline 0.001 -26"><span class='ocrx_word' id='word_1_131' title='bbox 419 3029 494 3077; x_wconf 92' lang='lat' dir='ltr'>non</span> <span class='ocrx_word' id='word_1_132' title='bbox 523 3031 645 3103; x_wconf 85' lang='lat' dir='ltr'>posse,</span> <span class='ocrx_word' id='word_1_133' title='bbox 675 3003 780 3079; x_wconf 87' lang='lat' dir='ltr'>iacile</span> <span class='ocrx_word' id='word_1_134' title='bbox 808 3004 1044 3103; x_wconf 86' lang='lat' dir='ltr'>intellegitur.</span> <span class='ocrx_word' id='word_1_135' title='bbox 1076 3003 1281 3078; x_wconf 90' lang='lat' dir='ltr'>Multum</span> <span class='ocrx_word' id='word_1_136' title='bbox 1304 3020 1468 3079; x_wconf 90' lang='lat' dir='ltr'>tamen</span> <span class='ocrx_word' id='word_1_137' title='bbox 1492 3005 1550 3080; x_wconf 91' lang='lat' dir='ltr'>ad</span> 
     </span>
     <span class='ocr_line' id='line_1_20' title="bbox 420 3126 1548 3225; baseline 0.002 -26"><span class='ocrx_word' id='word_1_138' title='bbox 420 3151 498 3200; x_wconf 89' lang='lat' dir='ltr'>eas</span> <span class='ocrx_word' id='word_1_139' title='bbox 534 3126 849 3202; x_wconf 89' lang='lat' dir='ltr'>sublevandas</span> <span class='ocrx_word' id='word_1_140' title='bbox 885 3143 1006 3201; x_wconf 92' lang='lat' dir='ltr'>recta</span> <span class='ocrx_word' id='word_1_141' title='bbox 1042 3127 1114 3200; x_wconf 90' lang='lat' dir='ltr'>via</span> <span class='ocrx_word' id='word_1_142' title='bbox 1142 3152 1190 3200; x_wconf 93' lang='lat' dir='ltr'>ac</span> <span class='ocrx_word' id='word_1_143' title='bbox 1217 3127 1330 3200; x_wconf 89' lang='lat' dir='ltr'>ratio</span> <span class='ocrx_word' id='word_1_144' title='bbox 1353 3127 1548 3225; x_wconf 88' lang='lat' dir='ltr'>proiicit.</span> 
     </span>
     <span class='ocr_line' id='line_1_21' title="bbox 421 3247 1548 3348; baseline 0.001 -26"><span class='ocrx_word' id='word_1_145' title='bbox 421 3248 481 3322; x_wconf 92' lang='lat' dir='ltr'>De</span> <span class='ocrx_word' id='word_1_146' title='bbox 505 3274 580 3347; x_wconf 93' lang='lat' dir='ltr'>qua</span> <span class='ocrx_word' id='word_1_147' title='bbox 604 3275 702 3348; x_wconf 89' lang='lat' dir='ltr'>quae</span> <span class='ocrx_word' id='word_1_148' title='bbox 725 3250 799 3323; x_wconf 87' lang='lat' dir='ltr'>iam</span> <span class='ocrx_word' id='word_1_149' title='bbox 823 3249 980 3324; x_wconf 87' lang='lat' dir='ltr'>dicenda</span> <span class='ocrx_word' id='word_1_150' title='bbox 1005 3264 1122 3340; x_wconf 81' lang='lat' dir='ltr'>erunt,</span> <span class='ocrx_word' id='word_1_151' title='bbox 1147 3249 1275 3346; x_wconf 92' lang='lat' dir='ltr'>paucis</span> <span class='ocrx_word' id='word_1_152' title='bbox 1294 3247 1548 3324; x_wconf 90' lang='lat' dir='ltr'>absolvuntur.</span> 
     </span>
    </p>

    <p class='ocr_par' dir='ltr' id='par_1_4' title="bbox 420 3367 1553 3714">
     <span class='ocr_line' id='line_1_22' title="bbox 479 3367 1550 3470; baseline 0.001 -28"><span class='ocrx_word' id='word_1_153' title='bbox 479 3367 523 3444; x_wconf 91' lang='lat'>1⁰.</span> <span class='ocrx_word' id='word_1_154' title='bbox 547 3371 589 3443; x_wconf 93' lang='lat' dir='ltr'>ln</span> <span class='ocrx_word' id='word_1_155' title='bbox 605 3371 816 3445; x_wconf 89' lang='lat' dir='ltr'>universum</span> <span class='ocrx_word' id='word_1_156' title='bbox 831 3371 1109 3446; x_wconf 90' lang='lat' dir='ltr'>assentiendum</span> <span class='ocrx_word' id='word_1_157' title='bbox 1124 3386 1181 3444; x_wconf 90' lang='lat' dir='ltr'>est</span> <span class='ocrx_word' id='word_1_158' title='bbox 1196 3371 1360 3444; x_wconf 74' lang='lat' dir='ltr'>Bocunn</span> <span class='ocrx_word' id='word_1_159' title='bbox 1374 3371 1511 3446; x_wconf 90' lang='lat' dir='ltr'>verbis:</span> <span class='ocrx_word' id='word_1_160' title='bbox 1523 3367 1550 3470; x_wconf 87' lang='grc'>1)</span> 
     </span>
     <span class='ocr_line' id='line_1_23' title="bbox 426 3491 1553 3591; baseline 0.004 -26"><span class='ocrx_word' id='word_1_161' title='bbox 426 3491 522 3586; x_wconf 82' lang='lat' dir='ltr'>„Die</span> <span class='ocrx_word' id='word_1_162' title='bbox 560 3491 784 3569; x_wconf 87' lang='lat' dir='ltr'>Geschichte</span> <span class='ocrx_word' id='word_1_163' title='bbox 822 3494 888 3567; x_wconf 89' lang='lat' dir='ltr'>der</span> <span class='ocrx_word' id='word_1_164' title='bbox 917 3491 1154 3591; x_wconf 89' lang='lat' dir='ltr'>Philosophie</span> <span class='ocrx_word' id='word_1_165' title='bbox 1182 3493 1248 3566; x_wconf 93' lang='lat' dir='ltr'>hat</span> <span class='ocrx_word' id='word_1_166' title='bbox 1275 3494 1385 3569; x_wconf 89' lang='lat' dir='ltr'>keine</span> <span class='ocrx_word' id='word_1_167' title='bbox 1413 3494 1553 3570; x_wconf 89' lang='lat' dir='ltr'>andere</span> 
     </span>
     <span class='ocr_line' id='line_1_24' title="bbox 420 3615 1292 3714; baseline 0.002 -27"><span class='ocrx_word' id='word_1_168' title='bbox 420 3615 601 3688; x_wconf 90' lang='lat' dir='ltr'>Methode</span> <span class='ocrx_word' id='word_1_169' title='bbox 628 3615 683 3689; x_wconf 90' lang='lat' dir='ltr'>als</span> <span class='ocrx_word' id='word_1_170' title='bbox 710 3615 770 3690; x_wconf 87' lang='lat' dir='ltr'>die</span> <span class='ocrx_word' id='word_1_171' title='bbox 796 3615 1020 3691; x_wconf 89' lang='lat' dir='ltr'>Geschichte</span> <span class='ocrx_word' id='word_1_172' title='bbox 1045 3615 1292 3714; x_wconf 85' lang='lat' dir='ltr'>iiberhaupt.&#39;&#39;</span> 
     </span>
    </p>
   </div>
   <div class='ocr_carea' id='block_1_4' title="bbox 420 3827 1556 4674">
    <p class='ocr_par' dir='ltr' id='par_1_5' title="bbox 420 3827 1556 4674">
     <span class='ocr_line' id='line_1_25' title="bbox 420 3827 1555 3896; baseline -0.001 -15"><span class='ocrx_word' id='word_1_173' title='bbox 420 3845 583 3896; x_wconf 82' lang='lat' dir='ltr'>gegossenen</span> <span class='ocrx_word' id='word_1_174' title='bbox 610 3829 756 3880; x_wconf 87' lang='lat' dir='ltr'>Lichtleins</span> <span class='ocrx_word' id='word_1_175' title='bbox 784 3829 848 3879; x_wconf 83' lang='lat' dir='ltr'>iiber</span> <span class='ocrx_word' id='word_1_176' title='bbox 873 3828 918 3880; x_wconf 80' lang='lat' dir='ltr'>das</span> <span class='ocrx_word' id='word_1_177' title='bbox 943 3827 1105 3894; x_wconf 77' lang='lat' dir='ltr'>ehrwtlrdige</span> <span class='ocrx_word' id='word_1_178' title='bbox 1131 3829 1241 3879; x_wconf 85' lang='lat' dir='ltr'>Dunkel</span> <span class='ocrx_word' id='word_1_179' title='bbox 1264 3831 1342 3879; x_wconf 88' lang='lat' dir='ltr'>einen</span> <span class='ocrx_word' id='word_1_180' title='bbox 1368 3829 1555 3894; x_wconf 78' lang='lat' dir='ltr'>zweideutigen</span> 
     </span>
     <span class='ocr_line' id='line_1_26' title="bbox 424 3915 1555 3984; baseline 0 -17"><span class='ocrx_word' id='word_1_181' title='bbox 424 3916 608 3984; x_wconf 76' lang='lat' dir='ltr'>Fiaclrerglanz</span> <span class='ocrx_word' id='word_1_182' title='bbox 627 3933 657 3966; x_wconf 84' lang='lat' dir='ltr'>zu</span> <span class='ocrx_word' id='word_1_183' title='bbox 676 3916 831 3967; x_wconf 82' lang='lat' dir='ltr'>verbreiten.</span> <span class='ocrx_word' id='word_1_184' title='bbox 851 3916 887 3966; x_wconf 85' lang='lat' dir='ltr'>Es</span> <span class='ocrx_word' id='word_1_185' title='bbox 906 3916 971 3965; x_wconf 82' lang='lat' dir='ltr'>wird</span> <span class='ocrx_word' id='word_1_186' title='bbox 989 3915 1062 3965; x_wconf 82' lang='lat' dir='ltr'>nieht</span> <span class='ocrx_word' id='word_1_187' title='bbox 1080 3915 1229 3982; x_wconf 80' lang='lat' dir='ltr'>geleuguet,</span> <span class='ocrx_word' id='word_1_188' title='bbox 1248 3916 1308 3966; x_wconf 73' lang='lat' dir='ltr'>dass</span> <span class='ocrx_word' id='word_1_189' title='bbox 1326 3931 1354 3966; x_wconf 86' lang='lat' dir='ltr'>es</span> <span class='ocrx_word' id='word_1_190' title='bbox 1371 3917 1438 3982; x_wconf 86' lang='lat' dir='ltr'>hier,</span> <span class='ocrx_word' id='word_1_191' title='bbox 1456 3916 1509 3966; x_wconf 89' lang='lat' dir='ltr'>und</span> <span class='ocrx_word' id='word_1_192' title='bbox 1526 3933 1555 3968; x_wconf 83' lang='lat' dir='ltr'>so</span> 
     </span>
     <span class='ocr_line' id='line_1_27' title="bbox 422 4002 1555 4071; baseline 0 -17"><span class='ocrx_word' id='word_1_193' title='bbox 422 4007 451 4055; x_wconf 85' lang='lat' dir='ltr'>in</span> <span class='ocrx_word' id='word_1_194' title='bbox 475 4004 578 4055; x_wconf 84' lang='lat' dir='ltr'>antiker</span> <span class='ocrx_word' id='word_1_195' title='bbox 601 4003 719 4067; x_wconf 69' lang='grc' dir='ltr'>ιῦσίβεια</span> <span class='ocrx_word' id='word_1_196' title='bbox 742 4019 775 4053; x_wconf 78' lang='lat' dir='ltr'>an</span> <span class='ocrx_word' id='word_1_197' title='bbox 800 4002 887 4052; x_wconf 82' lang='lat' dir='ltr'>vieleu</span> <span class='ocrx_word' id='word_1_198' title='bbox 912 4002 1021 4069; x_wconf 78' lang='lat' dir='ltr'>Stellen,</span> <span class='ocrx_word' id='word_1_199' title='bbox 1044 4003 1088 4052; x_wconf 84' lang='lat' dir='ltr'>ein</span> <span class='ocrx_word' id='word_1_200' title='bbox 1112 4002 1226 4053; x_wconf 85' lang='lat' dir='ltr'>Tieistes</span> <span class='ocrx_word' id='word_1_201' title='bbox 1250 4003 1305 4053; x_wconf 91' lang='lat' dir='ltr'>und</span> <span class='ocrx_word' id='word_1_202' title='bbox 1323 4004 1414 4053; x_wconf 84' lang='lat' dir='ltr'>Bestes</span> <span class='ocrx_word' id='word_1_203' title='bbox 1431 4005 1491 4071; x_wconf 81' lang='lat' dir='ltr'>gab,</span> <span class='ocrx_word' id='word_1_204' title='bbox 1508 4003 1555 4054; x_wconf 78' lang='lat' dir='ltr'>dns</span> 
     </span>
     <span class='ocr_line' id='line_1_28' title="bbox 422 4089 1556 4156; baseline -0.002 -14"><span class='ocrx_word' id='word_1_205' title='bbox 422 4106 528 4142; x_wconf 85' lang='lat' dir='ltr'>unserer</span> <span class='ocrx_word' id='word_1_206' title='bbox 550 4090 726 4140; x_wconf 86' lang='lat' dir='ltr'>Erkenntuiss</span> <span class='ocrx_word' id='word_1_207' title='bbox 749 4089 804 4139; x_wconf 90' lang='lat' dir='ltr'>sich</span> <span class='ocrx_word' id='word_1_208' title='bbox 829 4089 951 4138; x_wconf 85' lang='lat' dir='ltr'>entzieht.</span> <span class='ocrx_word' id='word_1_209' title='bbox 977 4090 1048 4138; x_wconf 84' lang='lat' dir='ltr'>Aber</span> <span class='ocrx_word' id='word_1_210' title='bbox 1071 4089 1118 4138; x_wconf 79' lang='lat' dir='ltr'>des</span> <span class='ocrx_word' id='word_1_211' title='bbox 1143 4089 1315 4140; x_wconf 74' lang='lat' dir='ltr'>autklurende</span> <span class='ocrx_word' id='word_1_212' title='bbox 1340 4090 1424 4156; x_wconf 77' lang='lat' dir='ltr'>Wori,</span> <span class='ocrx_word' id='word_1_213' title='bbox 1448 4089 1556 4140; x_wconf 77' lang='lat' dir='ltr'>niemals</span> 
     </span>
     <span class='ocr_line' id='line_1_29' title="bbox 424 4175 1555 4243; baseline 0.001 -17"><span class='ocrx_word' id='word_1_214' title='bbox 424 4177 629 4243; x_wconf 71' lang='lat' dir='ltr'>suigezeichnei,</span> <span class='ocrx_word' id='word_1_215' title='bbox 651 4177 686 4226; x_wconf 89' lang='lat' dir='ltr'>ist</span> <span class='ocrx_word' id='word_1_216' title='bbox 709 4192 758 4226; x_wconf 87' lang='lat' dir='ltr'>uns</span> <span class='ocrx_word' id='word_1_217' title='bbox 778 4176 905 4225; x_wconf 79' lang='lat' dir='ltr'>verloren.</span> <span class='ocrx_word' id='word_1_218' title='bbox 924 4176 1016 4226; x_wconf 86' lang='lat' dir='ltr'>Besser</span> <span class='ocrx_word' id='word_1_219' title='bbox 1032 4175 1071 4226; x_wconf 79' lang='lat' dir='ltr'>als</span> <span class='ocrx_word' id='word_1_220' title='bbox 1090 4175 1118 4225; x_wconf 89' lang='lat' dir='ltr'>in</span> <span class='ocrx_word' id='word_1_221' title='bbox 1137 4177 1279 4226; x_wconf 85' lang='lat' dir='ltr'>modemeu</span> <span class='ocrx_word' id='word_1_222' title='bbox 1300 4175 1494 4241; x_wconf 77' lang='lat' dir='ltr'>Schlagworten</span> <span class='ocrx_word' id='word_1_223' title='bbox 1512 4178 1555 4228; x_wconf 87' lang='lat' dir='ltr'>eiu</span> 
     </span>
     <span class='ocr_line' id='line_1_30' title="bbox 424 4260 1555 4330; baseline -0.001 -17"><span class='ocrx_word' id='word_1_224' title='bbox 424 4265 545 4330; x_wconf 81' lang='lat' dir='ltr'>Surrognt</span> <span class='ocrx_word' id='word_1_225' title='bbox 570 4279 601 4312; x_wconf 85' lang='lat' dir='ltr'>zu</span> <span class='ocrx_word' id='word_1_226' title='bbox 619 4263 727 4329; x_wconf 76' lang='lat' dir='ltr'>sochen,</span> <span class='ocrx_word' id='word_1_227' title='bbox 744 4264 778 4312; x_wconf 86' lang='lat' dir='ltr'>ist</span> <span class='ocrx_word' id='word_1_228' title='bbox 797 4263 839 4311; x_wconf 90' lang='lat' dir='ltr'>die</span> <span class='ocrx_word' id='word_1_229' title='bbox 859 4260 985 4312; x_wconf 85' lang='lat' dir='ltr'>schlichte</span> <span class='ocrx_word' id='word_1_230' title='bbox 1005 4262 1176 4327; x_wconf 82' lang='lat' dir='ltr'>Hiustelluug</span> <span class='ocrx_word' id='word_1_231' title='bbox 1195 4263 1241 4312; x_wconf 87' lang='lat' dir='ltr'>der</span> <span class='ocrx_word' id='word_1_232' title='bbox 1259 4278 1309 4312; x_wconf 88' lang='lat' dir='ltr'>uns</span> <span class='ocrx_word' id='word_1_233' title='bbox 1329 4262 1480 4313; x_wconf 78' lang='lat' dir='ltr'>bekuuuten</span> <span class='ocrx_word' id='word_1_234' title='bbox 1499 4269 1555 4314; x_wconf 77' lang='lat' dir='ltr'>iius·</span> 
     </span>
     <span class='ocr_line' id='line_1_31' title="bbox 424 4348 1555 4415; baseline 0 -15"><span class='ocrx_word' id='word_1_235' title='bbox 424 4365 498 4400; x_wconf 87' lang='lat' dir='ltr'>seren</span> <span class='ocrx_word' id='word_1_236' title='bbox 523 4349 739 4415; x_wconf 82' lang='lat' dir='ltr'>Erscheinungen</span> <span class='ocrx_word' id='word_1_237' title='bbox 764 4348 939 4414; x_wconf 82' lang='lat' dir='ltr'>griechischer</span> <span class='ocrx_word' id='word_1_238' title='bbox 963 4349 1151 4414; x_wconf 77' lang='lat' dir='ltr'>Frtimmigkeit</span> <span class='ocrx_word' id='word_1_239' title='bbox 1176 4349 1203 4398; x_wconf 90' lang='lat' dir='ltr'>in</span> <span class='ocrx_word' id='word_1_240' title='bbox 1222 4349 1268 4399; x_wconf 87' lang='lat' dir='ltr'>der</span> <span class='ocrx_word' id='word_1_241' title='bbox 1286 4349 1457 4400; x_wconf 79' lang='lat' dir='ltr'>scheiubnren</span> <span class='ocrx_word' id='word_1_242' title='bbox 1478 4351 1555 4400; x_wconf 80' lang='lat' dir='ltr'>Ktilte</span> 
     </span>
     <span class='ocr_line' id='line_1_32' title="bbox 422 4432 1555 4500; baseline 0 -14"><span class='ocrx_word' id='word_1_243' title='bbox 422 4437 492 4486; x_wconf 85' lang='lat' dir='ltr'>ihrer</span> <span class='ocrx_word' id='word_1_244' title='bbox 524 4432 790 4486; x_wconf 67' lang='lat' dir='ltr'>ThatstchlichkeitJ’</span> <span class='ocrx_word' id='word_1_245' title='bbox 819 4436 845 4484; x_wconf 89' lang='lat' dir='ltr'>is</span> <span class='ocrx_word' id='word_1_246' title='bbox 872 4434 918 4499; x_wconf 89' lang='lat' dir='ltr'>qui</span> <span class='ocrx_word' id='word_1_247' title='bbox 946 4435 1010 4484; x_wconf 79' lang='lat' dir='ltr'>sciat</span> <span class='ocrx_word' id='word_1_248' title='bbox 1039 4451 1117 4500; x_wconf 78' lang='lat' dir='ltr'>quem</span> <span class='ocrx_word' id='word_1_249' title='bbox 1144 4441 1199 4484; x_wconf 81' lang='lat' dir='ltr'>arte</span> <span class='ocrx_word' id='word_1_250' title='bbox 1227 4435 1492 4500; x_wconf 80' lang='lat' dir='ltr'>prae-Socraticorum</span> <span class='ocrx_word' id='word_1_251' title='bbox 1518 4451 1555 4486; x_wconf 82' lang='lat' dir='ltr'>sa·</span> 
     </span>
     <span class='ocr_line' id='line_1_33' title="bbox 424 4521 1556 4590; baseline 0.001 -18"><span class='ocrx_word' id='word_1_252' title='bbox 424 4523 524 4588; x_wconf 79' lang='lat' dir='ltr'>pientia</span> <span class='ocrx_word' id='word_1_253' title='bbox 551 4531 577 4571; x_wconf 85' lang='lat' dir='ltr'>et</span> <span class='ocrx_word' id='word_1_254' title='bbox 604 4521 772 4586; x_wconf 79' lang='lat' dir='ltr'>philosophia</span> <span class='ocrx_word' id='word_1_255' title='bbox 799 4522 935 4571; x_wconf 77' lang='lat' dir='ltr'>Ptnronrs</span> <span class='ocrx_word' id='word_1_256' title='bbox 957 4537 1015 4571; x_wconf 89' lang='lat' dir='ltr'>cum</span> <span class='ocrx_word' id='word_1_257' title='bbox 1041 4521 1167 4586; x_wconf 82' lang='lat' dir='ltr'>religione</span> <span class='ocrx_word' id='word_1_258' title='bbox 1192 4521 1357 4589; x_wconf 74' lang='lat' dir='ltr'>cohaereant,</span> <span class='ocrx_word' id='word_1_259' title='bbox 1374 4523 1403 4572; x_wconf 89' lang='lat' dir='ltr'>in</span> <span class='ocrx_word' id='word_1_260' title='bbox 1421 4529 1556 4590; x_wconf 80' lang='lat' dir='ltr'>utramque</span> 
     </span>
     <span class='ocr_line' id='line_1_34' title="bbox 425 4608 1226 4674; baseline 0.001 -15"><span class='ocrx_word' id='word_1_261' title='bbox 425 4609 529 4674; x_wconf 84' lang='lat' dir='ltr'>egregie</span> <span class='ocrx_word' id='word_1_262' title='bbox 548 4609 639 4659; x_wconf 81' lang='lat' dir='ltr'>cadere</span> <span class='ocrx_word' id='word_1_263' title='bbox 658 4609 723 4658; x_wconf 84' lang='lat' dir='ltr'>haec</span> <span class='ocrx_word' id='word_1_264' title='bbox 742 4609 846 4658; x_wconf 78' lang='lat' dir='ltr'>Rorintr</span> <span class='ocrx_word' id='word_1_265' title='bbox 866 4609 943 4658; x_wconf 82' lang='lat' dir='ltr'>verba</span> <span class='ocrx_word' id='word_1_266' title='bbox 961 4608 1074 4658; x_wconf 86' lang='lat' dir='ltr'>libenter</span> <span class='ocrx_word' id='word_1_267' title='bbox 1092 4609 1226 4660; x_wconf 85' lang='lat' dir='ltr'>concedet.</span> 
     </span>
    </p>
   </div>
   <div class='ocr_carea' id='block_1_5' title="bbox 474 4694 824 4762">
    <p class='ocr_par' dir='ltr' id='par_1_6' title="bbox 474 4694 824 4762">
     <span class='ocr_line' id='line_1_35' title="bbox 474 4694 824 4762; baseline -0.003 -17"><span class='ocrx_word' id='word_1_268' title='bbox 474 4695 500 4762; x_wconf 88' lang='lat'>1)</span> <span class='ocrx_word' id='word_1_269' title='bbox 518 4696 663 4761; x_wconf 82' lang='lat' dir='ltr'>Encyclop.</span> <span class='ocrx_word' id='word_1_270' title='bbox 683 4711 743 4762; x_wconf 81' lang='lat' dir='ltr'>pag.</span> <span class='ocrx_word' id='word_1_271' title='bbox 765 4694 824 4762; x_wconf 82' lang='lat'><strong>585.</strong></span> 
     </span>
    </p>
   </div>
   <div class='ocr_carea' id='block_1_6' title="bbox 0 0 1881 5576">
    <p class='ocr_par' dir='ltr' id='par_1_7' title="bbox 0 0 1881 5576">
     <span class='ocr_line' id='line_1_36' title="bbox 0 0 1881 5576; baseline 0 0"><span class='ocrx_word' id='word_1_272' title='bbox 0 0 1881 5576; x_wconf 95' lang='lat' dir='ltr'> </span> 
     </span>
    </p>
   </div>
  </div>
 </body>
</html>
