3698 5574
950 677 1020 752 172

419 851 682 950 posterioribus
720 854 960 952 Reipublicae
996 853 1096 930 libris
1133 880 1207 928 non
1243 850 1362 928 solum
1400 877 1549 950 quaea

418 975 723 1068 Tunnsvuncn0,
753 979 819 1051 sed
848 979 960 1054 etiam
989 1003 1086 1076 quae
1115 1003 1138 1052 a
1161 977 1370 1051 Gunucoun
1393 991 1432 1049 et
1456 975 1548 1047 Ant-

420 1121 551 1171 unuro
579 1097 628 1173 de
650 1099 688 1173 vi
713 1116 750 1173 et
773 1100 1001 1197 praestantia
1023 1099 1221 1174 iniustitiae
1245 1113 1350 1172 erant
1372 1097 1549 1172 defensae

419 1219 623 1318 opiniones,
653 1221 832 1296 confutari
860 1239 898 1297 et
926 1223 1058 1298 erroris
1085 1221 1264 1296 convinci.
1278 1217 1304 1319 ¹)

473 1343 617 1438 Quodsi
642 1359 766 1418 autem
790 1369 920 1418 verum
945 1360 1012 1437 est,
1041 1345 1284 1418 nummum
1309 1369 1382 1418 non
1408 1343 1548 1417 Pnnro·

419 1487 490 1556 MS,
514 1465 582 1538 sed
605 1464 759 1539 aliorum
783 1464 907 1564 eloqui
931 1467 1165 1557 sententiam,
1191 1465 1367 1563 sequitur,
1391 1481 1432 1538 ut
1450 1490 1548 1563 quae

420 1586 588 1662 oratione
625 1587 704 1662 eius
731 1587 975 1680 continentur,
1004 1586 1089 1664 licet
1117 1614 1164 1663 ex
1191 1588 1305 1686 ipsius
1333 1604 1458 1662 mente
1486 1585 1550 1660 flu·

419 1708 516 1783 xisse
543 1709 731 1784 censenda
758 1711 841 1802 sint,
871 1710 928 1785 his
957 1711 1166 1786 Pnnrounu
1194 1710 1373 1802 assentiri,
1398 1709 1548 1784 omnino

420 1855 494 1904 non
523 1846 677 1906 constet.

473 1955 604 2051 Itaque
633 1954 746 2029 etiam
770 1955 800 2028 si
824 1955 873 2030 ad
896 1954 977 2030 sola
999 1958 1136 2031 verba:
1160 1958 1303 2048 Σελήνης
1324 1988 1356 2033 τε
1380 1962 1436 2033 καὶ
1460 1968 1550 2033 Μου-

494 2142 612 2151 ...μ-...-

418 2246 451 2297 de
475 2245 589 2297 iustitiae
611 2247 729 2297 mercede
747 2247 834 2298 dicere
850 2247 894 2314 [cf.
905 2248 956 2311 367
967 2247 1002 2296 B:
1018 2245 1066 2303 σδις
1080 2242 1107 2293 ii
1122 2242 1204 2310 δόξας,
1220 2242 1327 2307 ἀφαίρει,
1341 2243 1422 2306 ilem
1437 2241 1552 2294 Γλαύκοιο

417 2328 601 2380 denuntiem.
626 2335 665 2382 D:
690 2331 764 2380 τοῦτ’
787 2326 828 2380 οὖν
845 2329 909 2381 οὑν-δ
928 2328 1056 2380 tantuma
1070 2329 1233 2393 δικαιοσύνης,
1248 2331 1262 2381 δ
1279 2331 1345 2388 alr-it
1362 2329 1394 2381 δι’
1411 2330 1491 2389 αὐτὴν
1508 2333 1552 2381 riu

415 2415 514 2481 δχοντιο
534 2417 632 2476 ὀνίνησι,
649 2417 691 2467 κοῒ
707 2417 794 2469 ἀδικία
811 2417 938 2482 βλάστοι·
958 2418 1059 2480 paulatia
1076 2417 1103 2468 δδ
1120 2416 1162 2468 καὶ
1179 2417 1261 2477 ἄλλος
1278 2417 1351 2485 δόξας
1369 2417 1445 2480 πάρος
1462 2418 1550 2476 ittam

418 2495 530 2548 δσιιινιῖν.
551 2501 646 2566 aaa}
663 2510 689 2553 et
708 2503 759 2553 iam
777 2511 837 2554 ante
855 2518 914 2554 eum
932 2503 1002 2553 idem
1020 2519 1048 2554 se
1064 2519 1159 2568 cupere
1175 2503 1241 2553 dixit
1256 2503 1388 2554 Gunucou
1405 2503 1509 2570 [cf.367
1520 2505 1549 2568 B,

419 2596 446 2639 et
469 2605 555 2656 supra,
581 2605 640 2655 pag.
669 2588 727 2656 168,
749 2589 809 2639 adn.
832 2589 867 2656 1],
885 2589 1054 2639 nihilominus
1074 2589 1213 2639 socnam
1229 2589 1298 2639 libro
1317 2590 1418 2639 decimo
1436 2589 1550 2655 praemia

418 2684 445 2725 et
463 2676 587 2726 honorem
605 2676 720 2726 iustitiae
738 2676 848 2742 peragit,
868 2691 921 2741 quo
939 2675 1007 2725 libro
1027 2676 1134 2726 docetur
1151 2676 1276 2742 iustitiae,
1289 2676 1339 2726 hoc
1358 2682 1397 2726 est
1416 2677 1551 2727 universae

419 2761 488 2811 vitae
506 2761 633 2811 hnmanae
653 2769 706 2812 tarn
721 2762 925 2826 uniuscuiusque
941 2763 1057 2827 privatae
1073 2777 1152 2828 quam
1166 2763 1262 2812 civium
1272 2763 1388 2812 omnium
1397 2763 1550 2828 communis,

419 2847 508 2897 virtuti
534 2863 587 2898 non
611 2849 696 2898 solum
719 2848 747 2897 in
771 2848 821 2898 hac
846 2848 909 2914 vita,
934 2848 980 2898 sed
1005 2848 1083 2898 etiam
1102 2855 1162 2914 post
1181 2856 1290 2900 mortem
1307 2850 1419 2900 maxima
1438 2851 1551 2915 praemia

418 2949 475 2984 esse
501 2935 636 3000 proposita
661 2933 786 3000 [Stante.
809 2934 928 3000 Prolegg.
953 2934 987 2984 ad
1009 2936 1076 3000 Rep.
1102 2951 1162 3000 pag.
1189 2935 1338 2984 LXXVIII.
1358 2935 1399 2985 Cf.
1418 2943 1551 3001 praeterea

419 3037 486 3086 quae
505 3029 566 3087 post
584 3023 664 3072 verba
682 3021 786 3072 laudata
805 3029 949 3087 sequuntur
967 3027 994 3070 et
1007 3038 1067 3087 pag.
1085 3021 1213 3070 LXXIX:
1225 3057 1231 3070 .
1244 3057 1268 3071 ..
1286 3021 1363 3086 ,Quo
1378 3021 1437 3087 ipso
1448 3023 1551 3072 demum

419 3107 474 3158 fieri
500 3107 595 3174 potuit,
619 3116 648 3158 nt
673 3109 751 3158 etiam
774 3108 909 3173 utriusque
933 3107 1060 3173 (institiae
1085 3115 1112 3156 et
1130 3107 1287 3175 Iniustitiae)
1304 3107 1338 3157 ad
1356 3107 1507 3158 felicitatem
1526 3116 1551 3158 et

418 3193 600 3244 infelicitatem
618 3195 658 3244 vis
677 3200 703 3245 et
723 3195 835 3244 efficacia
853 3194 880 3243 in
899 3192 994 3243 illustri
1011 3193 1070 3242 luce
1086 3192 1213 3242 collocata
1228 3193 1314 3244 sit...
1330 3195 1454 3260 Denique
1472 3195 1551 3244 etiam

417 3282 487 3332 vitae
506 3282 630 3348 optimae,
647 3282 697 3331 hoc
716 3289 755 3331 est
770 3281 893 3347 iustitiae,
909 3288 1052 3330 externa
1068 3280 1235 3330 vindicantur
1244 3281 1380 3331 commoda
1389 3289 1468 3347 atque
1478 3297 1552 3348 prae-

418 3368 479 3434 mia,
502 3375 531 3418 ut
555 3383 622 3433 quae
650 3367 726 3417 initio
752 3367 878 3417 sermonis
901 3367 954 3432 ipsi
977 3367 1010 3416 ab
1029 3367 1062 3416 iis
1080 3373 1153 3416 erant
1172 3375 1270 3432 erepta,
1288 3367 1335 3432 qni
1353 3367 1380 3417 in
1398 3367 1550 3433 vulgaribus

417 3455 554 3505 haerentes
578 3454 750 3519 opinionibus
772 3469 859 3519 neque
884 3469 924 3503 res
948 3453 1074 3502 hunuanus
1095 3453 1128 3502 ad
1146 3454 1270 3503 scientiae
1287 3469 1404 3504 normam
1421 3463 1448 3504 et
1464 3453 1551 3519 legem

419 3541 553 3606 exigentes
572 3541 605 3590 de
620 3556 709 3590 caussa
725 3546 890 3590 controversa
899 3539 1022 3590 fecissent
1032 3538 1183 3607 iudicium”;
1193 3541 1307 3606 denique
1317 3557 1378 3606 pag.
1388 3541 1550 3609 LXXXIII]3

418 3627 578 3691 quinetiam
595 3626 703 3677 huiusce
720 3627 782 3677 libri
801 3627 859 3677 finis
879 3635 917 3677 est
935 3626 978 3676 hic
993 3625 1054 3692 (621
1068 3626 1089 3676 C
1105 3625 1191 3694 sqq.):
1207 3623 1269 3673 ἀλλ’
1286 3622 1315 3673 δν
1334 3623 1391 3686 ipsi
1406 3624 1551 3687 ποιούμιδοι,

418 3708 563 3775 νομίζοντος
586 3708 708 3759 diductos
724 3709 811 3774 ψοχδρν
829 3709 871 3759 καὶ
888 3707 995 3766 δυνατὴν
1011 3706 1097 3758 πάντα
1114 3709 1159 3770 μδν
1178 3711 1243 3760 κιικδι
1260 3709 1405 3774 ἀνέχεσθαι,
1421 3711 1506 3761 πάντα
1524 3711 1551 3762 δδ

416 3789 509 3855 dyeia,
525 3793 572 3849 atie
590 3789 638 3840 tv·
655 3789 712 3840 lton
729 3791 769 3841 tut
786 3788 891 3859 δξόμοδιι
908 3790 951 3841 nai
968 3788 1122 3848 δικαιοσύνην
1139 3793 1207 3851 aava
1224 3791 1361 3855 φρονήσοοις
1376 3793 1454 3842 παντὶ
1467 3796 1549 3857 σρόπρι

417 3871 619 3936 δσιτκδούσοριιν,
637 3874 689 3922 'lta
706 3873 760 3923 aul
777 3873 853 3936 ἡμῖν
870 3872 985 3932 affola
1002 3875 1094 3938 φίλοι
1112 3869 1193 3935 ὗμιν
1211 3873 1266 3924 uui
1279 3877 1349 3934 τοῖς
1364 3875 1459 3935 θοοῖς,
1472 3875 1551 3926 aleon

416 3974 447 4009 σο
465 3955 582 4018 μένοντος
599 3954 692 4014 tutata.
708 3956 750 4006 κιιδ
767 3954 866 4008 incida
882 3959 917 4006 τὰ
935 3953 1000 4006 dina
1017 3953 1098 4014 uirile
1112 3955 1281 4022 κομιζύμνδκ,
1296 3957 1378 4019 ὅσπερ
1393 3959 1419 4007 ol
1430 3961 1550 4022 νικηφόροι

416 4041 633 4103 σοριιιγιιρόριονοι,
650 4037 693 4088 καὶ
710 4036 793 4088 tutat·
806 4037 849 4087 κσδ
862 4037 887 4087 δν
901 4041 934 4102 τῇ
949 4038 1163 4104 χιλιοτιῒσοροίρ,
1172 4037 1199 4094 liu
1209 4035 1396 4101 διιΛκΛῦδκμον,
1409 4035 1441 4088 ιδ
1456 4039 1553 4101 πράτ-

417 4137 530 4183 σιιμιν.
552 4123 633 4173 Vides
653 4131 778 4189 quantum
797 4123 899 4174 intersit
916 4123 985 4173 inter
1003 4123 1086 4189 ipsius
1102 4124 1238 4173 Pannonis
1253 4125 1406 4190 opinionem
1420 4131 1446 4174 et
1462 4125 1550 4175 GLAU-

418 4224 496 4262 coms
523 4219 602 4277 atque
630 4211 776 4260 Anutnun
803 4211 940 4260 orationes.
967 4209 1007 4260 Cf.
1033 4216 1166 4276 praeterea
1191 4209 1305 4261 S‘rnunn
1331 4211 1449 4277 Prolegg.
1474 4227 1552 4277 pagg.

418 4300 562 4350 XXXVIII
588 4313 647 4364 sqq.
672 4305 698 4347 et
717 4299 785 4362 Rep.
804 4296 899 4362 locum,
918 4297 964 4362 qui
984 4297 1102 4362 proxima
1119 4300 1289 4349 annotatione
1308 4304 1347 4348 est
1369 4299 1522 4364 exscriptus.

465 4384 492 4452 t)
511 4385 623 4436 Smne.
649 4383 769 4449 Prolegg.
789 4399 848 4449 pag.
868 4383 1009 4449 LXXVII;
1028 4384 1112 4448 ipsius
1130 4385 1198 4450 Rep.
1218 4401 1277 4451 pag.
1298 4385 1381 4435 612ss
1402 4399 1477 4451 sqq.:
1496 4381 1554 4444 'Ap’

417 4463 466 4525 οδν,
482 4465 510 4526 ἢν
525 4466 548 4517 δ’
563 4466 622 4532 tyn,
637 4463 655 4517 nl
669 4465 794 4525 Γλαύκοιο,
811 4471 850 4517 νῦν
865 4464 910 4525 liin
924 4465 1082 4529 ἇνοσίῲδονόν
1092 4463 1149 4516 ira-t
1158 4467 1216 4529 πρὸς
1227 4465 1325 4527 δκοίνοις
1334 4467 1443 4527 minoia
1452 4468 1557 4530 μισθοὺς

418 4552 450 4606 τῆ
468 4548 611 4614 δικαιοσύνῃ
627 4549 670 4600 nai
686 4553 718 4614 τῇ
736 4547 804 4613 hilp
821 4549 897 4614 ἀρετῇ
912 4546 1054 4608 hadefuns,
1069 4547 1141 4607 ὅσους
1155 4564 1185 4598 τι
1200 4549 1243 4598 κιο]
1251 4550 1357 4614 σἸονςσῇ
1366 4550 1554 4614 ψυχῇσκρίχιι

417 4633 476 4693 παρ’
493 4631 620 4694 ἀνθράκων
636 4647 667 4680 σε
684 4630 726 4680 sai
743 4631 808 4688 δοῦν,
825 4630 921 4696 ζῶντος
938 4646 968 4679 τι
984 4629 1024 4680 δτι
1041 4632 1087 4679 τοῦ
1101 4628 1226 4693 δνδρύσον
1242 4628 1555 4696 κοδδσιιδδντολονσιίσρς

419 4712 572 4763 Παντάπασι
590 4712 635 4774 pir
653 4707 703 4770 οδν,
720 4709 734 4771 ἦ
752 4711 774 4762 δ’
792 4712 825 4771 lc.
