3698 5574
807 661 877 735 Ι47

276 867 421 916 merum
451 839 648 915 duodecim
677 839 910 915 celebrantor
936 866 1019 914 cum
1044 839 1306 914 certaminibus
1328 854 1407 912 tam

277 963 458 1062 gymnicis
486 988 600 1060 quarn
630 963 777 1036 musicis
804 963 999 1037 coniuncti.
1030 962 1245 1036 Carminum
1267 977 1405 1052 autem,

277 1111 374 1184 quae
404 1086 584 1159 eiusmodi
608 1085 738 1158 dicbus
762 1085 864 1159 sestis
888 1101 972 1160 sunt
991 1085 1160 1158 canenda
1176 1085 1210 1157 in
1226 1085 1407 1158 honorem

277 1209 432 1282 deorum
462 1206 523 1281 vel
551 1207 600 1280 ad
628 1208 895 1304 vituperandos
923 1223 987 1282 aut
1014 1207 1222 1281 landandus
1249 1233 1316 1280 eos
1345 1207 1408 1302 qui

276 1332 510 1420 certaverint,
536 1340 674 1426 poetae
695 1332 768 1404 sint
791 1357 865 1404 non
890 1330 1055 1428 quilibet,
1071 1329 1138 1403 scd
1153 1331 1242 1404 certi
1256 1329 1407 1426 quidem

276 1479 319 1527 ac
342 1453 527 1542 destinati,
553 1478 628 1526 non
653 1453 813 1526 minores
837 1453 1108 1550 quinquaginta
1131 1453 1249 1544 annis,
1266 1452 1407 1526 boniet

276 1577 448 1650 honorati
471 1576 507 1649 in
532 1575 634 1667 urbe,
659 1576 845 1648 bonorum
862 1600 1017 1673 operum
1033 1590 1224 1648 auctores:
1250 1575 1406 1647 horum

275 1698 492 1772 carmina
541 1714 804 1789 canuntor,
857 1698 1055 1773 etiamsi
1106 1697 1261 1771 minus
1309 1697 1407 1770 sint

275 1821 478 1912 musica,
507 1821 528 1894 i.
545 1847 577 1896 e.
608 1820 729 1895 dulcia
757 1821 805 1894 ad
834 1820 1079 1912 audiendum,
1108 1819 1181 1894 alia
1208 1844 1298 1893 vero
1326 1845 1401 1893 car·

276 1944 387 2035 mina,
412 1969 435 2017 a
459 1943 589 2017 criticis
608 1968 682 2016 non
698 1945 870 2041 probata,
895 1968 1074 2016 cancre
1093 1968 1140 2016 ne
1157 1943 1238 2038 quis
1253 1941 1403 2033 audeat,
1419 1980 1422 1986 ·

275 2091 322 2139 ne
351 2083 427 2140 tum
457 2067 619 2162 quidem,
648 2067 677 2138 si
707 2067 881 2139 suaviora
909 2067 981 2140 sint
1009 2065 1142 2162 quibus
1171 2063 1270 2137 nulla
1294 2063 1405 2136 luisse

274 2189 447 2262 suaviora
484 2189 690 2278 traduntur,
728 2188 942 2284 Thamyrae
979 2186 1217 2283 Orpheisque
1245 2186 1401 2283 hymnis.

327 2310 425 2383 Satis
449 2335 495 2383 ex
514 2311 570 2382 his
585 2325 754 2406 apparet,
771 2335 882 2382 omne
898 2335 981 2382 esse
996 2323 1225 2382 momentum
1241 2309 1403 2404 positum

275 2431 309 2505 in
356 2441 485 2505 cantu:
535 2457 609 2506 non
657 2448 807 2506 vetatur
855 2432 927 2505 hoc
967 2430 1051 2505 loco
1091 2431 1185 2523 fieri
1223 2431 1405 2504 eiusmodi

278 2579 439 2645 carmen,
476 2579 550 2627 non
582 2555 708 2645 scribi,
744 2579 818 2627 non
849 2555 925 2652 legi
935 2585 942 2627 :
971 2555 1060 2627 cani
1082 2569 1243 2628 vetatur.
1274 2555 1406 2650 ltaque

276 2677 480 2750 carminum
508 2677 640 2749 horum
669 2702 752 2749 cum
777 2676 921 2774 Orphei
943 2677 1147 2750 carminum
1171 2677 1408 2751 conseruntur

279 2824 354 2872 non
391 2801 513 2889 verba,
550 2824 624 2871 non
666 2807 945 2897 argumentum,
989 2798 1056 2872 sed
1092 2826 1174 2872 cum
1215 2809 1408 2873 canuntur

278 2947 407 2996 sonus:
445 2947 557 2995 sonus
593 2922 651 2995 hic
688 2923 831 2995 etiamsi
869 2923 1072 2995 carminum
1106 2947 1204 3019 quae
1233 2922 1409 3018 Orpheus

278 3044 453 3117 cecinisse
481 3044 595 3116 fertur
623 3059 661 3117 et
688 3043 898 3141 Thamyris,
924 3045 971 3116 sit
995 3043 1146 3134 dulcior,
1172 3042 1407 3116 nihilominus

277 3163 366 3238 talia
394 3166 557 3238 carmina
586 3190 660 3238 non
688 3167 874 3239 audt'cnda
903 3181 988 3238 sunt
1015 3165 1117 3238 sestis
1140 3165 1241 3238 hisce
1264 3166 1407 3238 diebus.

332 3287 428 3360 Cum
443 3312 534 3360 vero
550 3287 739 3360 Punrorus
753 3304 880 3361 aetate
890 3289 1054 3361 carmina
1064 3287 1241 3378 extitisse,
1252 3286 1408 3385 Orpheo

277 3408 338 3483 vel
378 3408 592 3506 Thamyrae
634 3408 831 3506 adscripta,
876 3435 1046 3506 quorum,
1090 3435 1165 3482 non
1203 3411 1285 3483 dico
1323 3399 1409 3490 reci-s

277 3547 440 3604 tatorum
465 3531 557 3619 soni,
582 3530 649 3604 sed
673 3546 907 3604 cantatorum
924 3530 1197 3605 modulationes
1212 3547 1409 3629 tantopere

278 3651 434 3725 aliorum
472 3652 675 3725 carminum
715 3653 848 3726 modos
885 3653 1071 3726 suavitate
1110 3670 1339 3751 superarent,
1370 3669 1409 3726 ut

278 3774 315 3846 in
360 3769 572 3870 exemplum
610 3791 843 3848 sumerentur
880 3790 919 3848 et
960 3775 1146 3871 proverbii
1183 3774 1267 3849 loco
1305 3775 1410 3849 affer-

280 3891 453 3990 rentur¹),
493 3919 560 3968 nec
598 3893 673 3970 ullo
711 3898 825 3969 modo
862 3897 909 3970 sit
946 3896 1119 3970 credibile
1156 3922 1225 3971 nec
1262 3897 1411 3971 aliunde

280 4033 409 4092 notum
439 4017 610 4091 videatur
619 4015 658 4114 ⁹),
689 4018 776 4091 nihil
805 4017 904 4092 aliud
926 4034 1053 4112 restat,
1078 4019 1145 4091 nisi
1169 4035 1210 4092 ut
1233 4045 1331 4117 quae
1354 4020 1412 4093 hic

327 4263 353 4330 ι)
372 4265 413 4315 Cf.
430 4264 535 4313 Wnnnn
551 4279 576 4312 o.
587 4264 604 4313 l.
620 4279 680 4328 pag.
697 4275 745 4326 34:
765 4264 832 4328 ,Die
842 4264 965 4328 Hymnen
976 4264 1022 4314 des
1032 4265 1064 4314 Ο.
1075 4266 1136 4315 aber
1146 4273 1260 4315 mussten
1270 4266 1297 4314 in
1308 4266 1413 4315 Platons

282 4351 339 4400 Zeit
363 4350 423 4400 sehr
447 4351 565 4400 bekannt
586 4365 705 4415 gcwesen
725 4351 791 4410 sein,
810 4358 881 4399 sonst
901 4349 1000 4400 lro'nnle
1019 4368 1046 4401 er
1065 4352 1102 4402 sie
1121 4352 1190 4401 wohl
1209 4352 1281 4401 nicht
1300 4353 1413 4418 exempli

281 4453 358 4488 causa
381 4439 409 4487 in
435 4439 507 4488 einer
532 4438 621 4487 Weise
645 4437 794 4504 erwihnem
817 4437 859 4488 die
883 4438 920 4487 sie
945 4437 983 4488 als
1003 4439 1094 4488 seinen
1113 4441 1209 4488 Lesem
1229 4439 1340 4503 gelaufig
1359 4454 1415 4488 vor·

280 4525 416 4576 aussetzt.”

327 4611 355 4678 2)
377 4611 492 4661 Omnino
511 4612 625 4661 carmina
642 4611 758 4677 Orphica
777 4627 833 4660 non
849 4611 988 4661 admodum
1004 4612 1113 4678 pulchra
1121 4613 1210 4663 habita
1220 4627 1276 4662 esse
1286 4612 1415 4662 videntur:

281 4697 315 4748 cf.
344 4700 476 4749 Roscnn
498 4699 516 4748 i.
526 4715 551 4750 v.
577 4699 707 4764 Orpheus,
733 4699 783 4749 col.
810 4711 892 4761 1104:
919 4699 989 4762 „und
1012 4715 1041 4750 so
1059 4700 1124 4749 wird
1141 4699 1212 4750 denn
1231 4700 1268 4749 im
1287 4699 1417 4749 Altertum
