3698 5574
799 704 868 774 193

263 893 320 951 tas
356 903 499 969 causas,
529 904 592 952 cur
619 878 667 952 de
695 904 741 952 ea
767 894 928 952 taceret:
958 878 1046 952 hoc
1075 893 1234 951 autem
1263 902 1397 974 argu-

264 1018 475 1076 mentum
521 1002 560 1075 si
605 1000 805 1075 additur
851 1001 911 1074 iis
949 1026 1072 1099 quae
1113 1026 1263 1098 supra
1306 999 1396 1074 iam

264 1122 543 1216 attulimus,
594 1123 720 1197 satis
771 1123 886 1197 mihi
936 1124 1177 1221 probasse
1223 1122 1397 1196 videor

263 1246 376 1320 Tim.
414 1271 474 1340 40
502 1246 539 1319 D
575 1245 742 1322 verbis
772 1256 864 1338 τοῖς
892 1246 1119 1352 εἰρηκόσιν
1149 1243 1396 1348 ἔμπροσθεν

264 1368 511 1466 Orpheum
540 1393 632 1442 non
660 1367 956 1465 significari.

316 1615 481 1709 Quinam
522 1615 634 1714 igitur
675 1631 760 1688 sunt
801 1631 972 1689 auctores
1014 1613 1074 1706 illi,
1117 1615 1272 1688 deorum
1314 1609 1397 1684 filii?

266 1737 462 1811 Musaeum
508 1761 583 1810 non
625 1735 707 1828 dici,
748 1735 942 1812 Zsunraus
982 1737 1271 1811 demonstravit:
1314 1759 1395 1825 nos,

263 1861 416 1934 Ksuruo
457 1859 713 1951 assentientes,
751 1862 949 1935 ostendere
984 1860 1107 1934 conati
1143 1885 1281 1948 sumus,
1318 1881 1392 1929 non

263 1985 324 2083 agi
348 1984 395 2057 de
419 1982 585 2080 Orpheo.
617 1985 780 2078 Quinam
805 1985 915 2082 igitur
933 1986 1039 2058 sunt?
1065 1984 1183 2081 Ipsius
1207 1982 1395 2055 Pnnroms
1426 2014 1428 2020 v

262 2107 399 2204 scripta
434 2105 471 2178 id
508 2105 669 2180 indicare
707 2105 795 2178 mihi
832 2106 1023 2180 videntur:
1062 2107 1157 2203 Rep.
1189 2105 1222 2177 ΙΙ
1263 2100 1395 2198 365E

263 2228 497 2302 AmMANTus
534 2228 626 2302 deos
663 2253 737 2303 non
769 2229 870 2302 nosci
902 2228 990 2303 dicit
1019 2229 1086 2301 nisi
1115 2253 1136 2300 e
1164 2224 1396 2301 sermonibus

263 2352 490 2449 stirpemque
518 2351 819 2425 enumerantibus
848 2351 989 2448 poetis:
1014 2356 1041 2429 εἰ
1062 2350 1098 2428 δὲ
1118 2356 1179 2428 εἰσί
1198 2382 1229 2426 τε
1253 2356 1310 2426 καὶ
1334 2349 1395 2424 ἐιιι·

259 2482 431 2575 μελοῦνται
471 2470 555 2576 [dii],
594 2471 653 2551 σιἰκ
690 2469 826 2551 ἄλλοθέν
858 2506 905 2552 τοι
930 2470 1047 2565 αὐτοὺς
1075 2483 1165 2576 ἴσμεν
1194 2473 1215 2554 ἢ
1249 2469 1395 2560 σῖκηκόα·

259 2627 318 2698 μεν
345 2596 366 2677 ἢ
398 2593 434 2672 ἔκ
459 2627 492 2672 τε
519 2611 582 2673 τῶν
612 2595 718 2700 λέγων
747 2598 804 2673 καὶ
827 2611 893 2676 τῶν
916 2593 1220 2699 γενεαλογησάντων
1244 2607 1393 2683 ποιητῶν.

260 2716 301 2789 ln
330 2717 462 2790 horum
491 2742 646 2792 numero
675 2717 801 2793 reserri
832 2717 1044 2809 Honestum,
1076 2716 1308 2792 manifestum
1340 2729 1396 2790 est

260 2864 306 2913 ex
342 2839 386 2911 iis
422 2863 520 2936 quae
557 2857 781 2938 sequuntur:
811 2844 840 2918 oi
868 2839 904 2919 δὲ
932 2838 1022 2919 αὐτοὶ
1052 2827 1135 2918 οὗτοι
1164 2840 1324 2943 λέγουσιν,
1352 2872 1395 2930 ως

261 2966 335 3040 εἰσὶν
371 2959 429 3040 οἷσι
458 2967 582 3054 θυσίαις
609 2995 641 3040 τε
671 2971 727 3041 καὶ
755 2960 918 3067 εὐχωλαῖς
944 2963 1088 3070 ἀγανῇσι
1117 2966 1173 3040 καὶ
1202 2961 1396 3064 α’ναθήμασι

260 3082 459 3188 παράγεσθαι
495 3082 751 3189 ἀναπειθόμενοι,
780 3111 876 3182 quae
904 3085 1021 3160 verba
1048 3081 1177 3183 procul
1205 3083 1318 3156 dubio
1346 3083 1396 3155 ad

263 3205 486 3280 Homericos
523 3205 605 3281 illos
641 3234 771 3282 versus
807 3222 989 3305 spectant,
1018 3233 1107 3305 pag.
1140 3213 1214 3301 364
1244 3207 1281 3278 D
1309 3231 1391 3302 sqq.

262 3327 416 3421 allat0s3
432 3327 458 3426 ¹)
485 3330 689 3406 Hssroouu
712 3331 762 3405 ad
785 3357 852 3405 eos
876 3331 1071 3428 pertinere,
1087 3355 1134 3404 ex
1149 3327 1288 3426 Cratyli
1311 3327 1395 3401 loco

265 3458 339 3545 396
370 3451 401 3525 C
429 3470 597 3550 apparet.
614 3451 641 3551 ⁹)

317 3573 418 3648 lnter
454 3592 653 3675 utrumque
682 3575 804 3650 locum
833 3578 925 3651 mira
953 3575 1153 3650 similitudo
1181 3573 1394 3648 intercedit:

261 3712 418 3794 uterque
454 3698 502 3772 de
539 3697 754 3798 vulgaribus
786 3700 842 3773 dis
870 3700 967 3798 agit3
996 3714 1128 3773 neuter
1155 3696 1395 3795 despicientia

309 3992 335 4058 t)
353 3988 378 4037 ol
399 3986 426 4036 tl
448 3990 494 4046 τῆς
513 3993 562 4037 τῶν
581 3987 637 4037 tuor
655 3985 698 4038 ὑπ’
717 3986 845 4050 ἀνθρώπων
863 3989 1017 4050 παραγαγῆς
1034 3987 1077 4035 σὸν
1094 3985 1204 4046 (Όμηρον
1222 3981 1399 4045 μαρτύρονται,

262 4073 301 4123 ὅτι
319 4074 361 4123 nal
379 4071 469 4135 ἐκεῖνος
487 4071 543 4125 οἷσι

535 4187 620 4238 λισσοῖ
636 4187 665 4238 δέ
681 4189 832 4255 [cumei]
849 4205 880 4237 σι
896 4187 939 4238 nai
956 4186 1004 4236 lm?
1021 4184 1102 4243 αιἰσοΙ,

436 4269 554 4329 καὶτοὺς
573 4270 618 4331 μιν
636 4269 784 4321 θυσίαισι
802 4270 857 4319 nal
874 4268 1040 4334 εὐχωλαῖς
1057 4267 1235 4330 ἀγαναῖσιν

438 4354 510 4416 λοιβῇ
528 4369 557 4401 τε
575 4353 646 4416 mle„
664 4369 694 4402 σι
710 4353 892 4414 superpono&
909 4351 1026 4414 ἅνθρωποι

438 4437 589 4496 λισσόμενοι,
606 4434 650 4484 tn
666 4433 707 4484 ιιίν
725 4453 766 4494 τις
783 4434 892 4499 ὑπερβήῃ
911 4433 953 4484 nai
969 4433 1077 4497 ἁμάρτῃ.

307 4567 442 4630 Leguntur
459 4567 538 4616 verba
558 4566 634 4616 Iliad.
653 4567 701 4634 lX,
719 4579 771 4630 493
790 4583 850 4632 sqq.

310 4651 338 4720 α)
356 4653 424 4702 Vide
439 4669 525 4718 supra.
542 4653 676 4719 Orpheum
692 4655 804 4720 spectari
820 4654 880 4703 ideo
897 4653 948 4704 iam
964 4653 1018 4702 veri
1031 4651 1156 4701 dissimile
1166 4658 1214 4716 est,
1225 4647 1297 4714 quod
1307 4656 1399 4715 postea

262 4738 285 4787 is
304 4738 444 4804 significari
462 4740 578 4790 videtur:
599 4740 650 4803 366
660 4742 690 4790 B.
710 4741 750 4791 Cf.
770 4757 856 4807 supra,
875 4755 952 4805 pagg.
975 4749 1023 4805 175
1035 4754 1094 4804 sqq.

1253 4849 1283 4904 13
