3654 5564
791 693 861 763 133

258 861 320 946 κόν
356 858 498 967 Μαρσύᾳ
533 871 590 941 καὶ
618 861 788 970 Ὀλύμπῳ,
815 874 883 971 περί
912 863 1013 971 λύραν
1042 863 1074 944 δ’
1102 862 1258 968 Ἀμφίονι,
1287 861 1328 942 τιὶ
1356 860 1388 943 δ’

257 978 348 1061 ἄλλα
385 981 497 1078 ἄλλοις
534 983 729 1093 ποίμπολλα,
760 994 803 1081 ὡς
840 987 912 1082 έπος
950 995 1041 1068 εἰπεῖν
1079 988 1155 1093 χθὲς
1191 995 1248 1066 καὶ
1275 987 1386 1091 πρῶην

253 1105 421 1208 γεγονότα.

309 1227 387 1302 Ιοῐι.
429 1229 558 1323 536A
596 1255 692 1328 sqq.:
730 1239 788 1310 καὶ
815 1241 834 1310 ὁ
859 1231 919 1336 μὲν
956 1249 1018 1310 τῶν
1053 1247 1189 1322 ποιητῶν
1218 1233 1252 1324 ἐξ
1280 1226 1386 1323 όίλλης

254 1345 402 1452 Μούσης,
429 1359 448 1427 ὁ
474 1350 510 1429 δέ
547 1356 582 1445 ἐξ
618 1351 724 1445 ἄλλης
761 1357 951 1459 ἐξήρτηται·
992 1353 1195 1457 ὀνομάζομεν
1232 1351 1267 1430 δέ
1306 1349 1385 1429 αύτδ

254 1473 444 1576 κατέχεται·
473 1474 508 1550 τό
536 1477 578 1552 δέ
600 1478 663 1554 ἐστι
689 1479 935 1580 παραπλήσιον·
966 1475 1073 1582 ἔχεται
1096 1475 1178 1580 γοίρ·
1204 1479 1240 1552 ἐκ
1263 1473 1299 1552 δὲ
1314 1471 1386 1552 τού·

250 1623 313 1670 των
341 1609 403 1671 των
433 1599 632 1699 δακτυλίων,
658 1613 720 1675 των
747 1629 899 1700 ποιητων,
923 1594 1018 1676 ἄλλοι
1042 1601 1077 1691 ἐξ
1101 1594 1204 1676 ἄλλου
1230 1583 1386 1700 αύθρτη·

251 1715 343 1817 μένοι
371 1722 427 1795 είσὶ
457 1726 512 1795 καὶ
540 1719 813 1821 ἐνθουσιάζουσιν,
840 1725 869 1798 οἱ
896 1720 956 1824 μέν
985 1725 1019 1813 ἐξ
1051 1718 1204 1824 Ὀρφέως,
1227 1723 1257 1796 οἱ
1285 1718 1320 1796 δέ
1348 1721 1384 1796 ἐκ

255 1846 444 1918 Μουσαίου·
482 1843 512 1917 οἱ
548 1839 584 1917 δὲ
621 1849 734 1919 πολλοὶ
774 1845 810 1935 ἐξ
845 1841 989 1946 Ὀμήρου
1028 1845 1226 1946 κατέχονταί
1258 1873 1290 1918 τε
1328 1847 1385 1918 καὶ

252 1955 394 2062 έχονται.
1396 1951 1398 1957 ’

308 2081 476 2182 Apolog.
516 2085 614 2177 40E
644 2111 750 2182 sqq.:
779 2092 805 2163 εἰ
832 2083 863 2163 δ’
892 2073 935 2164 αύ
965 2083 1030 2162 οἷον
1059 2083 1276 2187 ἀποδημῆσαί
1300 2087 1382 2162 ἐστιν

253 2211 272 2278 ὁ
309 2209 447 2298 θοίνατος
484 2209 607 2284 ἐνθένδε
644 2213 685 2299 εἰς
723 2203 824 2285 οἰλλον
861 2209 968 2297 τόπον,
1008 2211 1065 2284 καί
1095 2206 1203 2296 α’ληθῆ
1231 2209 1313 2284 ἐστιν
1342 2202 1383 2283 τδι

254 2325 425 2429 λεγόμενα,
455 2333 498 2420 ὡς
525 2323 592 2433 ἄρα
619 2331 686 2406 ἐκεῖ
708 2335 782 2407 εἰσιν
811 2324 950 2421 ἅπαντες
972 2334 1002 2407 oi
1023 2335 1197 2421 τεθνεωτες,
1219 2337 1253 2406 τί
1271 2337 1383 2431 μειζον

255 2445 381 2550 οἶγαθδν
407 2445 519 2529 τούτου
547 2459 595 2538 είη
624 2445 677 2540 οἰν,
708 2441 731 2526 όν
761 2445 875 2550 ἄνδρες
902 2453 1078 2552 δικασται’;
1106 2456 1132 2527 εί
1153 2449 1217 2553 γοίρ
1238 2482 1286 2541 τις
1308 2449 1384 2552 αἷφι-

253 2570 388 2672 κόμενος
425 2577 467 2662 είς
496 2566 620 2662 Ἀιδου,
652 2572 854 2676 οίπαλλαγεὶς
880 2568 1000 2650 τούτων
1027 2589 1091 2649 των
1119 2571 1307 2674 φασκόντων
1335 2574 1381 2647 δι·

252 2707 379 2769 καστών
407 2693 500 2783 εἶναι,
529 2694 653 2796 εὑρέσει
679 2691 754 2785 τοὺς
781 2695 911 2786 σἰληθως
939 2691 1110 2785 δικαστοίς,
1139 2697 1222 2797 οίπερ
1254 2700 1310 2770 καί
1334 2693 1381 2770 λε’·

252 2845 363 2917 γονται
391 2816 458 2892 ἐκεῖ
481 2815 637 2911 δικάζειν,
667 2822 778 2906 Μίνως
799 2848 831 2893 τε
857 2823 913 2893 καὶ
936 2814 1169 2919 Ῥαδάμανθυς
1192 2822 1249 2893 καί
1264 2816 1383 2907 Αἰακός

253 2944 309 3014 καὶ
347 2936 561 3041 Τριπτόλεμος
597 2944 653 3015 καὶ
683 2935 778 3014 ἄλλοι
807 2937 873 3015 όσοι
900 2955 963 3015 των
991 2941 1132 3032 ἡμιθέων
1161 2941 1282 3014 δίκαιοι
1312 2939 1382 3039 ἐγέ-

252 3089 342 3134 νοντο
375 3061 407 3135 ἐν
435 3073 480 3165 τῷ
506 3064 628 3136 ἐαντών
656 3064 731 3164 βίῳ,
760 3049 827 3163 ἆρα
853 3056 962 3162 φαύλη
991 3059 1032 3137 ἂν
1061 3069 1108 3148 εἴη
1136 3065 1157 3144 η’
1186 3057 1379 3160 α’ποδημίας

251 3180 272 3262 ἦ
301 3165 343 3257 αὗ
383 3175 491 3284 Ὀρφεῖ
523 3185 734 3285 ξυγγενέσθαι
772 3189 829 3259 καί
868 3189 1023 3283 Μουσαίῳ
1062 3189 1119 3258 καί
1156 3179 1292 3282 Ἡσιόδῳ
1322 3187 1379 3256 καὶ

252 3298 384 3406 Ὀμ-όρῳ
422 3305 471 3380 ε’πί
502 3302 588 3406 πόσῳ
627 3299 668 3379 οἰ’ν
703 3335 750 3395 τις
778 3299 900 3396 δέξαιτ’
928 3301 968 3381 ἂν
999 3303 1112 3406 ύμών;
1140 3299 1201 3405 ἐγδι
1228 3300 1288 3404 μὲν
1315 3297 1382 3404 γδιρ

251 3424 408 3515 πολλάκις
435 3429 518 3500 θελω
546 3425 706 3515 τεθνοίναι,
734 3431 761 3503 εί
786 3421 876 3502 ταῦτ’
904 3422 986 3503 έοτιν
1016 3423 1143 3514 α’ληθῆ·
1175 3432 1274 3501 κ.τ.λ.

304 3543 443 3643 Cratyl.
474 3546 596 3638 402ss
624 3571 730 3643 sqq.:
756 3550 838 3649 λέγει
866 3549 907 3624 δέ
931 3569 990 3625 που
1020 3555 1076 3624 καὶ
1107 3543 1238 3650 Ὀρφεὺς
1266 3546 1312 3622 ότι

409 3665 561 3759 Ὠκεανός
588 3683 709 3772 πρῶτος
739 3675 932 3772 καλλίρροος
960 3660 1037 3772 ἦρξε
1066 3667 1200 3772 γοίμοιο,

408 3789 443 3882 ός
468 3797 513 3894 ῥα
541 3793 742 3893 κασιγνήτην
772 3795 965 3896 ὁμομήτορα
994 3789 1101 3880 Τηθὺν
1129 3789 1246 3868 δ’πυιεν.

306 3911 445 3986 Phileb.
478 3912 575 3985 66C
603 3938 707 4010 sqq.:
732 3908 837 4017 Ἐκτη
867 3908 898 3989 δ’
926 3916 958 3989 έν
985 3923 1091 4016 γενεᾷ,
1119 3921 1212 4014 ρησίν
1237 3908 1378 4016 Ὀρφεύς,

251 4031 483 4114 καταπαύσατε
520 4035 643 4138 κόσμον
682 4034 816 4127 οἷοιδῇς·
853 4033 936 4139 οίτδιρ
967 4031 1140 4114 κινδυνεύει
1168 4037 1224 4112 καί
1254 4043 1272 4110 ὁ
1299 4039 1382 4137 ἦμέ-

250 4188 335 4259 τερσς
363 4159 459 4262 λόγος
486 4161 518 4234 ἐν
546 4153 623 4263 ἕκτη
655 4158 943 4260 καταπεπαυμένος
972 4159 1053 4234 είναι
1082 4165 1193 4260 κρίσει.

306 4279 427 4380 Legg.
469 4279 502 4352 ll
541 4285 616 4371 669
633 4277 690 4350 D:
728 4287 855 4367 ποιηταί
893 4275 924 4355 δ’
962 4277 1150 4383 οίνθρέιπινσι
1187 4279 1312 4382 σφόδρα
1338 4273 1379 4355 τδι

253 4411 387 4479 τοιαῦτα
429 4403 638 4503 ἐμπλέκοντες
675 4407 731 4477 καί
768 4431 990 4503 συγκνκωντες
1027 4400 1155 4502 αλόγως
1191 4396 1304 4503 γέλωτ’
1340 4399 1381 4478 διν

255 4536 527 4628 παρασκευάζοιεν
565 4539 627 4599 των
664 4520 837 4625 οίνθρένπων
870 4523 963 4613 όσονς
989 4530 1082 4625 φησὶν
1111 4518 1241 4629 Ὀρφεὺς
1268 4528 1383 4626 λαχεῖν

254 4645 340 4748 ὥραν
364 4659 423 4736 τῆς
445 4655 582 4750 τέρψιος.
604 4643 709 4721 ταῦτα
730 4675 766 4746 γε
779 4639 844 4746 γδιρ
857 4651 952 4746 όρωσι
965 4675 1072 4721 παντα
1086 4643 1382 4747 κυκόμενα,κ.τ.λ.
