3724 5576
846 667 870 734 9

311 833 318 850 ’
343 840 417 914 Sed
443 840 526 938 quid
553 840 681 915 multa!
713 841 852 916 Vereor
873 866 919 915 ne
940 841 1011 915 iarn
1033 841 1208 916 inciderim
1229 844 1264 916 in
1286 843 1424 916 Cicero-

290 963 429 1038 nianum
449 961 530 1037 illud
543 963 683 1056 vitium,
699 964 767 1061 qui,
788 963 1060 1063 ›(Platonem)'’,
1074 965 1192 1063 inquit,
1203 963 1228 1063 ¹)
1249 967 1426 1064 »quadam

288 1086 518 1160 admiratione
544 1103 747 1160 commotus
768 1087 910 1184 saepius
932 1086 1081 1161 sortasse
1103 1085 1221 1179 laudo,
1245 1114 1354 1186 quam
1367 1113 1425 1161 ne-

290 1233 390 1283 cesse
413 1208 505 1283 est.”
530 1209 712 1284 Platonem
737 1233 823 1283 vero
846 1207 991 1283 laudare
1005 1226 1042 1282 ut
1055 1211 1172 1300 decet,
1184 1235 1251 1284 nec
1265 1235 1425 1284 mearum

290 1331 410 1405 vin'um
437 1357 503 1406 nec
529 1333 628 1406 huius
654 1329 720 1406 loci
746 1348 811 1405 est.
842 1331 976 1425 Quare,
1001 1333 1162 1429 quamvis
1184 1359 1328 1430 sperem
1351 1333 1425 1406 sore

291 1469 329 1528 ut
363 1455 457 1528 idem
493 1455 574 1528 mihi
608 1456 864 1552 respondeatur
897 1455 994 1553 quod
1021 1455 1069 1528 ab
1097 1455 1217 1529 Attico
1244 1455 1422 1529 Ciceroni:

297 1575 374 1649 »Tu
401 1602 487 1651 vero
515 1603 597 1651 eum
619 1603 686 1651 nec
708 1577 807 1650 nimis
820 1575 926 1651 valde
939 1602 1108 1675 umquam
1122 1602 1187 1650 nec
1201 1577 1300 1650 nimis
1313 1569 1438 1673 saepe

290 1697 524 1790 laudaveris'’,
549 1699 719 1774 sufficiant
741 1725 786 1773 ea
804 1725 897 1797 quae
920 1699 999 1788 dixi,
1014 1715 1052 1773 ut
1066 1700 1093 1772 si
1107 1698 1226 1788 ullum,
1241 1696 1424 1772 Platonem

292 1821 436 1921 dignum
463 1847 622 1912 censeas,
650 1822 745 1895 cuius
771 1821 818 1896 de
844 1821 1080 1918 superioribus
1106 1819 1322 1919 philosophis
1344 1820 1424 1893 iudi·

291 1943 382 2016 cium
409 1961 652 2045 cognoscatur.
1318 1965 1321 1971 '

346 2066 438 2140 Cum
465 2067 567 2167 igitur
590 2067 672 2165 quid
695 2067 741 2140 de
763 2066 959 2163 praeteritis
980 2067 1107 2140 summi
1128 2066 1190 2140 viri
1204 2067 1426 2141 iudicaverit

292 2214 509 2288 cognoscere
542 2215 686 2286 semper
721 2214 853 2286 operae
889 2189 933 2261 sit
965 2189 1126 2286 pretium,
1155 2188 1277 2262 Pcaro
1305 2207 1425 2263 autem

291 2311 324 2383 in
357 2337 575 2384 summorum
609 2311 760 2384 virorum
791 2335 938 2384 numero
965 2309 1151 2383 habendus
1177 2310 1231 2399 sit,
1260 2311 1424 2408 sequitur,

289 2449 328 2506 ut
353 2435 427 2507 eius
453 2433 500 2507 de
522 2433 757 2531 superioribus
778 2431 995 2530 philosophis
1017 2431 1125 2505 iudicii
1148 2433 1288 2507 scientia
1309 2432 1425 2532 cogni-

291 2557 410 2653 tioque
446 2557 587 2631 omnino
623 2582 693 2630 non
727 2555 771 2629 sit
797 2555 1066 2630 contemnenda.
1096 2555 1148 2629 At
1174 2580 1235 2628 cur
1260 2555 1426 2652 imprimis

290 2679 472 2753 Pannonis
499 2681 532 2752 in
554 2679 683 2754 haere
705 2679 877 2753 sententia
900 2678 1020 2778 magni
1043 2677 1085 2752 sit
1099 2677 1278 2767 momenti,
1294 2703 1424 2752 causae

291 2801 405 2875 afferri
432 2818 579 2900 possunt
606 2802 712 2876 etiam
735 2800 835 2875 aliae.
861 2801 1004 2898 Nempe
1026 2827 1106 2873 cum
1128 2799 1327 2899 aequalium
1341 2827 1425 2898 quo·

291 2949 360 3022 que
396 2941 434 2998 et
469 2923 565 3026 vulgi
602 2925 782 3022 opiniones
815 2923 1020 3022 saepissime
1048 2923 1173 2997 afferat
1200 2921 1255 2996 ille
1282 2921 1340 2998 vel
1367 2949 1424 2996 ex-

291 3047 407 3137 cutiat,
435 3048 546 3122 modo
573 3064 695 3121 contra
722 3045 797 3122 illas
823 3047 1008 3136 disserens»,
1036 3047 1069 3118 in
1096 3071 1198 3119 usum
1221 3072 1323 3119 suum
1345 3072 1424 3120 con·

289 3185 430 3242 vertens
458 3170 579 3260 modo,
608 3195 653 3244 ex
681 3171 755 3244 eius
781 3170 903 3243 iudicio
932 3213 982 3224 -
1007 3169 1201 3243 dummodo
1224 3194 1310 3243 vera
1330 3194 1424 3242 com-

290 3309 466 3366 memoret
501 3337 552 3346 -
585 3290 685 3366 simul
719 3291 846 3365 aetatis
880 3307 1138 3390 cognoscuntur
1173 3290 1286 3364 studia
1317 3307 1425 3388 atque

289 3415 493 3488 sententiae.
523 3413 626 3488 Hanc
654 3439 741 3489 vero
768 3430 925 3488 aetatem
951 3412 1196 3514 gravissimam
1224 3438 1315 3502 esse,
1345 3439 1425 3486 cum

290 3537 452 3611 omnibus
488 3553 610 3612 notum
646 3552 711 3628 est,
748 3553 823 3610 tum
861 3562 906 3610 ex
935 3561 980 3610 eo
1007 3551 1169 3632 apparet,
1197 3535 1293 3633 quod
1320 3535 1353 3608 in
1380 3561 1426 3609 ea

290 3685 360 3733 non
382 3657 495 3734 solum
519 3661 566 3734 ad
588 3686 763 3734 summum
787 3659 957 3757 perducta
980 3674 1035 3732 est
1056 3656 1287 3755 philosophia,
1302 3683 1426 3732 verum

292 3783 397 3856 etiam
431 3784 502 3857 iam
533 3799 617 3857 ante
651 3781 745 3856 illam
774 3798 811 3857 et
837 3782 870 3855 in
896 3781 953 3855 illa
980 3781 1036 3853 alii
1063 3779 1136 3854 aliis
1161 3781 1195 3852 in
1221 3780 1363 3870 artibus,
1392 3781 1426 3854 in

290 3903 397 4002 lyrica
409 3906 602 3994 Pmnnnus
618 3904 651 3976 in
664 3904 800 4003 tragica
814 3904 914 4002 poesi
927 3903 1141 3976 Auscnucus
1159 3917 1195 3976 et
1204 3902 1424 3994 Somocms,

290 4026 568 4099 An1snor>nnnas
595 4026 629 4098 in
652 4025 849 4115 comoedia,
872 4025 907 4097 in
929 4024 1106 4122 sculptura
1129 4025 1290 4114 Pennus,
1315 4026 1425 4099 Pocu-

290 4169 423 4237 cnnru,
445 4149 680 4236 Pnaxrrauus
704 4148 737 4220 in
759 4163 835 4221 arte
858 4148 1014 4244 picturae
1029 4147 1280 4236 Pocuonorus
1295 4147 1426 4220 Zuuius

289 4268 343 4343 alii
382 4268 466 4343 talia
501 4271 757 4368 praestiterunt,
796 4269 921 4367 quibus
957 4269 1091 4342 maiora
1128 4293 1306 4366 nunquam
1343 4268 1427 4344 vidit

293 4391 455 4466 Graecia.
468 4389 493 4489 l)

339 4623 364 4691 1)
382 4624 415 4674 de
434 4625 516 4689 Legg.
535 4623 585 4686 111,
607 4634 630 4688 ι,
650 4634 674 4672 1.

335 4711 364 4780 2)
382 4710 422 4761 Cf.
447 4711 601 4776 Humana,
619 4725 643 4758 o.
652 4708 672 4758 1.
690 4723 750 4774 pag.
773 4721 782 4758 r
788 4719 821 4772 33
831 4722 885 4774 sq.:
906 4724 951 4774 „so
971 4707 1063 4774 geho'rt
1081 4724 1110 4758 er
1127 4706 1226 4774 (Plato)
1245 4707 1313 4758 doch
1330 4707 1421 4757 darum
