3698 5574
955 676 1027 745 194

420 866 551 942 vacat3
599 849 635 923 in
684 865 843 948 utroque
890 851 984 925 haec
1032 866 1089 926 est
1138 851 1320 948 quaestio,
1363 850 1463 925 unde
1505 850 1553 924 dii

419 987 639 1046 noscantur:
692 999 806 1071 quam
848 973 1106 1071 quaestionem
1149 972 1390 1071 Reipublicae
1430 972 1553 1046 locum

419 1119 572 1192 ponere,
588 1091 615 1192 1)
643 1095 842 1169 Timaeum
870 1095 1071 1194 profligare
1094 1121 1216 1193 paene
1240 1096 1325 1170 dixi.
1352 1096 1485 1194 ltaque
1507 1120 1554 1170 ex

419 1217 476 1290 his
504 1216 610 1292 facile
638 1218 824 1310 conicitur,
853 1219 956 1316 quod
984 1218 1105 1316 ipsum
1132 1245 1200 1316 per
1226 1244 1267 1294 se
1294 1218 1369 1294 iam
1392 1234 1450 1293 est
1473 1243 1554 1316 pro·

419 1339 564 1415 babile:
592 1337 685 1434 τοὺς
721 1341 937 1447 εἰρηκότας
973 1338 1199 1446 ἔμπροσθεν
1228 1367 1350 1439 quos
1377 1342 1555 1416 Tmnuus

421 1462 590 1554 affert,
642 1465 840 1538 eosdem
882 1489 992 1538 esse
1035 1489 1088 1537 ac
1129 1465 1555 1570 γενεαλογῇσαντας

422 1583 539 1658 illos
566 1595 743 1682 poetas
772 1586 829 1660 de
856 1587 1034 1685 quibus
1060 1585 1291 1662 Aurunurus
1316 1586 1442 1685 agit:
1470 1585 1555 1659 He·

422 1707 609 1781 siodnm
642 1708 880 1807 imprimis
907 1725 954 1784 et
983 1710 1266 1802 Homerum,
1295 1710 1341 1784 in
1369 1709 1554 1783 univer·

421 1856 516 1903 sum
544 1847 696 1906 autem
724 1831 941 1931 vulgares
969 1833 1256 1931 theogoniae
1283 1827 1555 1928 auctores.')

476 1952 562 2027 Hac
598 1955 750 2029 demum
785 1956 929 2030 ratione
956 1954 1180 2054 intellegitur
1208 1955 1354 2030 Timaei
1381 1951 1556 2053 genealo-

421 2075 504 2174 gia:
543 2075 579 2147 in
617 2102 691 2174 qua
728 2077 832 2152 varia
869 2092 955 2152 sunt
983 2077 1095 2152 mixta
1123 2078 1219 2153 inter
1244 2103 1286 2152 se
1314 2092 1353 2151 et
1380 2076 1556 2152 contami-

422 2213 521 2274 nata.
538 2193 566 2295 ³)
604 2197 810 2298 Vulgarem
848 2200 1016 2276 ordinem
1056 2200 1221 2298 sequitur
1258 2201 1386 2274 PLATo
1414 2196 1556 2296 Cratyl.

425 2327 520 2416 396:
549 2321 699 2395 Uranos
727 2367 778 2377 —
803 2323 956 2397 Kronos
979 2366 1031 2378 -·-
1054 2321 1161 2414 Zeus,
1177 2321 1203 2419 4)
1227 2323 1388 2396 eundem
1405 2320 1557 2396 exhibet

424 2443 628 2519 Hnsrouue
674 2445 864 2519 Honnnus
899 2470 991 2519 vero
1028 2445 1221 2520 notissimo
1257 2444 1320 2519 illo
1357 2469 1479 2534 versu,
1509 2442 1557 2516 ad

424 2591 537 2663 quem
565 2567 713 2663 saepius
741 2565 871 2641 alludit
900 2567 1039 2658 ΡιΑτο,
1069 2567 1265 2642 Oceanum
1293 2566 1449 2641 deorum
1473 2565 1559 2639 fecit

426 2687 618 2786 originem.
643 2686 669 2785 ⁵)
712 2689 785 2763 Hic
827 2689 954 2763 Puero
991 2690 1182 2787 utriusque
1219 2687 1485 2789 genealogiam
1520 2687 1557 2761 in

473 2887 499 2953 1)
518 2888 693 2937 Aomnnnunr
716 2887 760 2938 hic
784 2887 868 2954 loqui,
892 2904 946 2937 non
971 2888 1130 2956 Socnn'rmt,
1147 2889 1208 2938 ideo
1227 2905 1281 2939 non
1300 2888 1334 2939 nd
1352 2903 1414 2954 rem,
1434 2887 1505 2954 qnod
1523 2885 1556 2938 de

334 2986 338 2996 ·
423 2973 524 3039 vulgari
553 2974 638 3040 egitur
669 2974 813 3042 sententia;
843 2989 921 3040 qnam
949 2975 1058 3025 eandem
1086 2981 1187 3040 spectat
1214 2974 1350 3025 Timaeus:
1379 2975 1558 3024 Aulunrtws:

424 3061 543 3126 vulgaret
559 3061 606 3127 dii,
620 3061 716 3128 inquit
732 3062 789 3112 noti
804 3069 865 3112 sunt
880 3061 1008 3126 imprimis
1024 3055 1052 3108 in
1067 3062 1116 3108 τῶν
1130 3058 1369 3123 γενεαλογησάντων
1384 3062 1499 3115 ποιητῶν,
1514 3060 1559 3109 ΤΙ-

426 3159 529 3197 wtnus:
554 3147 592 3198 dii
610 3147 728 3213 vulgares
754 3147 811 3198 noti
830 3155 890 3198 sunt
908 3141 937 3195 ix
954 3148 1003 3194 eur
1020 3144 1148 3208 νὶρννιύτννν
1165 3144 1315 3208 ’ἐμπροσΰννε
1334 3147 1378 3198 hic
1398 3145 1457 3202 rode
1474 3159 1563 3207 γννινι-

424 3228 585 3294 amenum
599 3231 706 3289 ποιητάς
723 3241 750 3285 et
765 3233 825 3290 τοὺς
839 3231 965 3294 εἰρηκότας
979 3230 1116 3295 ’ἔμπροσθεν
1132 3235 1237 3286 eosdem
1252 3249 1317 3300 esse,
1332 3233 1409 3284 facile
1424 3233 1559 3284 conicitur.

470 3320 499 3387 a)
517 3322 577 3371 Non
601 3321 653 3372 alia
677 3329 715 3372 est
739 3323 840 3372 Guoru
863 3323 993 3373 sententia
1017 3339 1042 3374 o.
1051 3324 1070 3373 1.
1089 3339 1149 3389 pag.
1171 3322 1221 3387 189
1238 3323 1299 3374 adn.
1317 3336 1349 3387 g:
1370 3320 1455 3387 „Thu
1472 3319 1558 3370 which

424 3407 498 3457 Plato
522 3407 584 3458 here
608 3407 710 3472 enjoins
735 3415 761 3458 to
786 3410 819 3459 be
837 3410 959 3461 believed
978 3411 1000 3460 is
1019 3410 1063 3461 the
1082 3409 1227 3476 genealogy
1246 3409 1277 3460 os
1292 3407 1393 3460 Hesiod
1413 3406 1465 3458 and
1484 3407 1559 3457 other

425 3501 510 3560 poets,
528 3495 628 3560 though
645 3496 678 3545 he
697 3495 760 3545 does
779 3503 826 3546 not
845 3497 978 3562 expressly
996 3513 1072 3548 name
1092 3498 1136 3548 the
1147 3495 1248 3563 poets.”
1259 3511 1327 3563 sqq.;
1338 3511 1398 3561 pag.
1409 3503 1475 3560 259:
1487 3493 1559 3560 „The

426 3581 549 3645 question
571 3581 633 3631 here
658 3581 690 3647 is,
712 3582 792 3632 about
815 3583 859 3633 the
884 3583 957 3634 Gods
984 3583 1013 3634 oi
1028 3583 1151 3634 tradition
1169 3583 1221 3633 and
1239 3583 1270 3633 oi
1285 3582 1330 3632 the
1349 3581 1463 3648 popular
1480 3579 1562 3630 faith:

426 3668 490 3718 with
509 3669 553 3718 the
572 3669 702 3734 paternity
721 3670 773 3720 end
792 3669 902 3721 filiation
920 3671 1038 3722 ascribed
1058 3679 1085 3722 to
1101 3671 1181 3737 them,
1195 3671 1231 3736 by
1247 3671 1349 3721 Hesiod
1364 3669 1416 3720 and
1431 3671 1476 3720 the
1485 3667 1559 3718 other

428 3760 513 3822 poets,
536 3755 603 3804 from
628 3755 713 3805 whom
738 3757 838 3806 Greeks
860 3757 891 3806 oi
911 3759 956 3808 the
980 3758 1037 3808 fifth
1059 3757 1111 3808 and
1129 3757 1218 3808 fourth
1237 3758 1367 3808 centuries
1385 3757 1415 3807 B.
1426 3757 1456 3808 C.
1475 3755 1559 3806 learnt

429 3841 496 3891 their
514 3841 686 3907 Theogony.’'

474 3927 502 3993 3)
521 3928 562 3979 Cf.
586 3929 739 3994 Wnucxrtn,
763 3929 932 3980 Griechische
956 3929 1067 3981 Gotterl.
1086 3932 1108 3997 1,
1126 3947 1204 3997 pugg.
1225 3943 1276 3995 292
1296 3945 1370 3996 sqq.:
1397 3929 1507 3994 „Platon
1524 3929 1560 3979 im

428 4013 534 4064 Timt'us
555 4013 626 4064 suhrt
651 4015 703 4064 den
726 4015 862 4081 Ursprnng
888 4032 939 4066 von
965 4017 1089 4067 Okeanos
1112 4015 1167 4066 und
1191 4017 1290 4082 Tethys
1311 4015 1358 4066 nui
1374 4015 1491 4066 Himmel
1507 4014 1561 4065 und

428 4100 497 4150 Erde
515 4101 619 4168 zurdck,
636 4117 689 4151 von
708 4101 793 4152 denen
811 4102 882 4152 daun
902 4103 1006 4153 Kronou
1022 4103 1076 4153 und
1091 4105 1166 4154 Rhea
1182 4105 1259 4154 nebst
1274 4103 1561 4169 Phorkysabstammen

429 4184 468 4253 (p.
494 4187 573 4255 4οε),
599 4189 658 4238 eine
682 4189 881 4255 Vereinbarnng
905 4190 996 4240 beider
1021 4190 1137 4254 Systeme
1161 4189 1205 4240 die
1222 4205 1282 4240 man
1301 4205 1353 4240 von
1371 4190 1426 4240 ihm
1444 4190 1490 4240 der
1508 4191 1562 4240 An·

430 4273 543 4339 sslhrnng
560 4274 704 4340 gewttrdigt
723 4291 754 4326 zu
772 4277 853 4326 seben
873 4277 929 4326 sich
948 4275 1091 4328 wundert.''

475 4366 504 4428 4)
522 4361 573 4426 396
584 4363 616 4412 B:
638 4362 727 4408 ratim
744 4355 799 4425 [riv
817 4360 877 4427 Ala]
895 4358 922 4409 ii
939 4363 1028 4423 Κρόνον
1045 4361 1096 4410 vitu
1114 4356 1174 4411 εἶναι
1185 4399 1191 4412 .
1204 4398 1209 4412 .
1220 4398 1241 4412 ..
1257 4359 1315 4410 irre
1330 4359 1358 4410 ii
1372 4353 1564 4422 odroeoipmd

430 4444 488 4504 vide,
507 4443 538 4502 ric
555 4446 645 4508 λύγος·
664 4457 738 4496 usn.

477 4529 504 4596 5)
522 4531 619 4597 Utique
643 4531 708 4582 haec
733 4533 886 4598 genealogia
911 4534 954 4583 vix
973 4549 1032 4584 curn
1049 4541 1135 4585 cetera
1154 4535 1269 4584 Hoerner
1287 4533 1444 4600 theogoniae
1462 4532 1563 4583 ratione

432 4618 564 4681 congruit:
589 4618 621 4668 ci.
648 4618 791 4670 Wnucxnn
808 4621 855 4671 l.l.
875 4621 997 4672 Ceterum
1015 4621 1048 4672 cf.
1066 4622 1255 4688 Niounsmfl,
1273 4622 1352 4672 Hom.
1370 4619 1484 4687 Theob’,
1502 4635 1562 4685 pag.

433 4715 465 4766 79
484 4711 510 4754 et
528 4705 588 4755 κᾶν·
605 4706 639 4768 4⁶
658 4705 748 4772 (racc-
767 4716 828 4774 ³9s‚
846 4707 918 4776 39⁶)-
