3724 5576
829 709 876 780 33

287 909 407 982 neque
444 909 575 957 veram
613 907 720 957 suam
757 883 963 956 doctrinam
998 880 1268 955 multitudinem
1297 879 1419 955 celare

286 1007 433 1083 studuit.
467 1005 746 1080 Multitudinem
775 1031 905 1103 parum
930 1005 1083 1078 curavit.

329 1280 414 1331 Malta
431 1287 564 1346 praeterea
582 1279 615 1328 de
634 1278 773 1343 proverbio
791 1277 838 1328 illo
859 1295 873 1328 a
892 1275 978 1330 Stltna
999 1278 1093 1328 tradito
1114 1278 1177 1344 agit,
1195 1294 1306 1343 quornm
1322 1293 1420 1328 summa

286 1373 324 1416 est
347 1367 425 1416 haec:
446 1383 491 1431 „so
509 1366 596 1416 lassen
614 1365 670 1415 sich
688 1380 735 1430 gar
753 1364 821 1414 riele
841 1364 1048 1430 Mdglichlreiten
1067 1364 1208 1430 anffinden,
1226 1364 1342 1414 weshalb
1361 1365 1419 1414 dem

285 1453 462 1504 Hermodoros
485 1453 531 1504 der
554 1451 659 1502 Handel
678 1451 725 1500 mit
743 1451 860 1501 fremden
879 1450 1010 1501 Schriften
1029 1452 1103 1502 nicht
1120 1451 1158 1502 als
1178 1451 1288 1518 solcher,
1307 1452 1419 1501 sondem

287 1555 377 1604 wegen
394 1540 442 1589 der
459 1540 557 1604 Weise,
575 1539 624 1588 wie
643 1554 671 1588 er
688 1538 735 1587 ihn
754 1538 830 1603 trieb,
848 1538 1034 1602 autgestochen
1053 1539 1157 1588 werden
1176 1539 1302 1588 konnte.”

333 1625 467 1675 Notabilia
488 1625 602 1690 deniqne
622 1631 682 1674 sont
697 1624 826 1673 Battxtrttl
842 1625 923 1692 ,verba
941 1623 1013 1690 (pag.
1036 1623 1111 1691 175):
1133 1625 1212 1689 „Man
1231 1625 1301 1674 kann
1320 1625 1422 1674 hieraus

285 1712 440 1778 abnehmen‚
457 1713 517 1762 dass
534 1713 578 1762 die
597 1711 780 1761 Buchhhndler
798 1711 866 1760 auch
881 1711 996 1761 dadurch
1013 1712 1111 1760 Kanler
1124 1712 1286 1762 anzuloclren
1302 1711 1422 1776 suchten,

286 1799 344 1849 dass
362 1801 400 1849 sie
420 1800 447 1850 in
465 1801 539 1850 ihren
559 1799 678 1849 Lokalen
697 1799 794 1848 Stticke
812 1815 857 1848 aus
873 1799 947 1848 ihren
962 1799 1129 1864 vorrdtbigen
1145 1799 1260 1848 Werken
1276 1798 1421 1848 vorlasen.''

329 1886 408 1948 Quod
426 1887 459 1936 ad
477 1886 713 1937 bibliothecas
732 1885 765 1936 cl.
786 1891 919 1950 praeterea
935 1885 1174 1935 Patras-Wrssowa
1190 1885 1206 1934 i.
1218 1900 1257 1934 v.:
1268 1885 1314 1934 IV.
1331 1885 1422 1935 Grie·

285 1972 424 2023 chische
443 1972 694 2024 Bibliothelren
713 1972 1106 2022 voralexandrinischer
1121 1972 1194 2021 Zeit
1210 1971 1271 2038 (111.
1286 1971 1346 2021 coll.
1361 1969 1423 2036 408,

285 2059 358 2126 409),
381 2060 427 2125 qui
452 2067 512 2110 ante
538 2058 773 2109 Alexandrinorum
793 2067 903 2109 aetatem
922 2058 1097 2110 bibliothecas
1115 2058 1195 2109 fuisse
1213 2058 1344 2124 concedit,
1360 2057 1422 2106 licet

286 2145 359 2211 parvi
384 2162 427 2196 eas
450 2146 575 2196 momenti
595 2145 674 2196 fuisse
693 2145 772 2210 dicat,
791 2153 817 2195 et
836 2147 1012 2195 Daasmantto
1031 2153 1057 2195 et
1074 2145 1177 2195 SAGLto
1196 2145 1212 2194 i.
1223 2161 1259 2206 v..
1278 2143 1324 2210 qui
1335 2153 1421 2194 tamen

286 2231 318 2282 de
339 2232 597 2298 prae-Alexandrinis
615 2231 783 2282 bibliothecis
802 2232 869 2281 nihil
887 2232 940 2282 sere
959 2232 1077 2282 afferunt.

330 2318 491 2384 Diiudicare,
519 2334 647 2384 quaenam
676 2316 892 2382 philosophorum
918 2325 996 2383 opera
1024 2317 1080 2383 ipse
1105 2318 1133 2366 in
1159 2317 1279 2366 manibus
1302 2315 1422 2365 habuerit

286 2406 386 2471 Pham,
409 2406 486 2456 huius
509 2406 560 2456 loci
586 2422 640 2456 non
666 2413 714 2455 est.
741 2407 795 2455 lam
814 2405 859 2455 dia
879 2421 939 2454 vero
958 2413 1019 2455 ante
1038 2405 1174 2454 Platonem
1193 2403 1320 2468 imprimis
1338 2402 1423 2466 philo-

287 2492 427 2556 sophorum
452 2493 548 2557 placita
572 2492 665 2542 litteris
690 2493 812 2542 mandata
838 2507 903 2558 esse,
924 2509 939 2542 a
960 2492 1199 2542 PAULv-Wtssowa
1217 2491 1234 2539 i.
1245 2507 1269 2538 ν.
1287 2489 1359 2539 Buch
1374 2489 1422 2538 111.

287 2579 336 2630 col.
360 2592 411 2643 942
437 2595 474 2628 vs.
501 2592 535 2628 20
562 2595 622 2644 sqq.
647 2578 798 2630 adnotatur:
827 2579 898 2644 „Scit
922 2579 981 2628 dem
1007 2578 1112 2642 Anlang
1130 2577 1176 2628 des
1196 2577 1212 2626 6
1229 2577 1314 2641 Jhdts.
1332 2575 1377 2624 hat
1395 2591 1423 2624 es

288 2665 363 2715 indes
387 2665 560 2716 litterarische
584 2665 681 2716 Werlre
699 2667 827 2731 gegeben,
846 2666 895 2716 wie
914 2665 956 2714 die
975 2664 1197 2730 theosophischen
1216 2663 1293 2730 Epen
1310 2662 1358 2711 der
1376 2661 1424 2710 Or-

286 2751 380 2817 phiirer
397 2753 452 2802 und
470 2751 513 2802 die
531 2752 785 2818 Lokalgeschichten
804 2753 850 2801 der
869 2752 1071 2817 Logographen,
1088 2748 1423 2814 vielleichtauchphiloso-

288 2838 396 2903 phische
416 2839 586 2904 Dichtungen
604 2841 658 2890 und
677 2838 890 2904 Prosaschrilten‚
909 2839 952 2889 die
971 2838 1021 2888 alle
1041 2839 1082 2887 thr
1100 2838 1152 2888 den
1170 2836 1340 2886 mlindlichen
1359 2835 1423 2883 Vor-

289 2931 344 2990 trag
371 2925 445 2976 nicht
473 2926 545 2976 recht
568 2927 691 2992 geeignet
715 2925 839 2975 scheinen
865 2926 919 2975 nnd
942 2925 1023 2975 daher
1044 2924 1106 2974 eher
1130 2940 1163 2973 an
1189 2923 1248 2973 eine
1267 2923 1377 2972 Lecttlre
1395 2921 1424 2970 in

288 3010 432 3062 schristlich
456 3012 540 3062 sicher
566 3012 701 3076 gestellter
723 3012 841 3077 Fassung
867 3011 971 3062 denken
996 3011 1136 3060 lassen...
1159 3008 1288 3058 Wirklich
1314 3006 1425 3073 popular

288 3096 393 3146 worden
412 3097 440 3146 B.
460 3105 512 3146 erst
529 3098 566 3146 im
588 3107 601 3161 5
621 3097 703 3163 Jhdt.,
722 3097 760 3146 als
780 3097 826 3146 der
845 3097 974 3161 m'a'chtige
994 3097 1103 3163 geistige
1124 3094 1303 3156 Ausschwung
1324 3092 1424 3141 Athens

289 3182 317 3232 in
337 3183 424 3232 Knnst
442 3183 497 3234 und
516 3184 657 3234 Litteratur
675 3184 741 3234 auch
759 3184 830 3233 belm
845 3183 985 3233 Publilium
1001 3183 1044 3232 ein
1059 3181 1188 3232 lebhaltes
1199 3180 1348 3244 Veriangen
1358 3178 1425 3227 nach

290 3267 341 3318 den
360 3277 487 3320 nenesten
508 3270 795 3335 Geisteserzeugnissen
814 3270 930 3319 entlacht
949 3269 1028 3335 hatte,
1047 3268 1107 3319 dem
1125 3268 1168 3317 die
1187 3266 1360 3331 Gelegenheit
1380 3265 1426 3314 des

292 3355 397 3405 Hdrens
415 3357 488 3406 nicht
508 3357 580 3406 mehr
600 3355 741 3423 genltgte.'’

336 3443 367 3491 In
384 3443 468 3507 ipsius
487 3443 622 3493 Parroms
640 3444 764 3508 operibns
783 3443 886 3508 saepius
904 3443 937 3493 de
952 3442 1026 3492 libris
1042 3449 1082 3492 est
1097 3455 1195 3491 sermo:
1211 3439 1344 3489 Phaedon.
1361 3437 1425 3500 97B

292 3535 317 3579 et
336 3527 401 3593 9813
426 3531 597 3594 Anaxagorae
622 3537 836 3580 commemoratur
860 3533 968 3593 βιβλίον,
990 3530 1061 3595 quod
1087 3529 1225 3578 Socratas
1249 3526 1313 3576 πάνυ
1332 3523 1427 3588 σπονδῇ

289 3615 447 3678 taedentia
473 3617 595 3680 τάχιστοι
621 3613 670 3668 οἷον
695 3616 750 3676 τ’ἦν
777 3618 952 3682 ἀννγίγνινοκο.
972 3617 1045 3666 Idem
1064 3617 1203 3666 SOCRATES
1223 3612 1336 3678 Apolog.
1357 3610 1425 3660 261)

290 3700 388 3751 Meleto
407 3702 550 3752 accusatori
570 3703 634 3752 vitio
649 3701 692 3752 dat
709 3703 781 3768 quod
796 3703 818 3753 is
833 3703 870 3753 ita
886 3703 1028 3753 litterarum
1038 3708 1157 3768 expertes
1167 3715 1223 3750 esse
1233 3699 1332 3748 iudices
1342 3702 1427 3761 putet,

290 3796 319 3838 ut
343 3787 408 3853 quid
430 3790 601 3855 Anaxagorae
622 3788 782 3839 Clazomenii
800 3790 874 3840 libris
893 3791 1066 3854 contineatur,
1084 3789 1184 3838 nescire
1202 3785 1262 3835 illos
1280 3783 1425 3834 arbitretur.

335 3876 366 3925 In
385 3875 527 3926 Theaeteto
547 3874 610 3938 (143
622 3875 658 3941 A)
678 3875 815 3926 Euentnss
835 3883 929 3942 narrat,
948 3893 975 3926 se
995 3891 1141 3926 sermonum
1160 3871 1332 3938 quorundam,
1351 3885 1365 3918 a
1381 3868 1426 3918 So·

291 3962 531 4028 ermenchildum,
546 3963 634 4012 statim
649 3969 678 4012 ut
693 3963 799 4013 domum
815 3965 938 4029 venisset,
948 3963 1146 4014 commentarios
1156 3960 1207 4009 sibi
1223 3955 1427 4022 consignavisse,

292 4056 383 4115 postea
398 4056 484 4099 autem
500 4064 547 4114 per
561 4049 644 4098 otiam
660 4057 728 4100 totos
745 4059 824 4116 atque
835 4051 951 4114 integros
961 4051 1013 4100 fere
1023 4047 1208 4112 conscripsisse
1217 4044 1277 4095 iilos
1287 4057 1426 4093 sermones.

291 4136 384 4200 Itaque
400 4150 504 4185 servum
522 4135 617 4186 librum
637 4152 737 4186 sumere
756 4137 829 4186 iubet
850 4143 876 4187 et
895 4137 1010 4188 recitare.

336 4223 402 4272 Item
418 4223 445 4271 in
462 4222 615 4274 Parmenide
629 4222 693 4289 (127
707 4223 739 4290 C)
755 4239 842 4274 sermo
858 4231 896 4274 est
912 4223 945 4274 de
955 4225 1073 4273 zmoms
1082 4236 1170 4288 opere,
1181 4217 1252 4285 quod
1262 4218 1319 4281 ipse
1329 4215 1428 4265 recitat.

337 4309 459 4374 Denique
493 4310 608 4376 Republ.
637 4309 663 4359 11
700 4310 783 4373 364ss
809 4311 936 4360 librorum
961 4309 1123 4376 quorundam
1148 4303 1325 4357 sacrificalium
1350 4302 1428 4352 turba

292 4395 377 4444 afferri
402 4395 497 4446 dicitur
520 4399 625 4461 (βίβλων
649 4396 676 4447 tl
699 4397 791 4460 laudor
816 4399 972 4463 παρέχονται
990 4397 1118 4449 Μουσαίου
1136 4387 1432 4456 armamentaria:

290 4498 321 4533 τι
337 4482 380 4534 xai
396 4479 500 4534 Μουσᾶν
518 4483 633 4549 ίγγόνονν,
653 4485 684 4543 tte
703 4493 775 4549 φονον,
791 4487 845 4536 xal'
860 4486 891 4545 hc
901 4487 1049 4544 ίννπολοῦοι
1059 4481 1155 4549 aaa),
1165 4487 1190 4530 et
1200 4477 1332 4528 Phaedon.
1343 4475 1393 4525 266
1405 4476 1429 4524 D

290 4568 399 4634 legitur:
419 4575 444 4620 ἐν
460 4575 515 4631 τοῖς
531 4573 641 4634 βιβλίοις
658 4575 713 4631 τοΐς
730 4573 786 4636 περὶ
806 4578 886 4639 λόγον
904 4573 998 4637 rime
1014 4569 1205 4637 γεγραμμένοις.

338 4657 378 4707 cf.
400 4666 535 4722 praeterea
553 4658 663 4709 Phaedr.
683 4671 735 4722 230
745 4660 780 4725 D,
799 4670 849 4724 235
860 4661 895 4726 D,
915 4673 965 4723 243
978 4661 1013 4724 C3
1031 4659 1119 4724 Symp.
1139 4666 1186 4718 177
1198 4655 1233 4720 B3
1244 4651 1344 4702 Phileb.
1356 4648 1389 4712 38
1400 4649 1430 4697 E.

341 4743 440 4793 Eodem
461 4753 522 4794 sunt
541 4745 678 4795 referenda
696 4761 762 4810 quae
782 4746 815 4796 de
828 4747 936 4796 aliorum
953 4744 1169 4812 philosophomm
1184 4737 1431 4804 scriptisaPlatone

1299 4851 1315 4903 3
