3724 5576
805 669 852 742 53

248 841 427 916 Pmrorus
446 844 712 941 phrhroplnom
739 844 861 921 fuerint
888 848 1068 938 momenti,
1097 863 1217 922 tamen
1239 828 1379 920 canime-

248 974 368 1038 mnrat
390 964 455 1040 ille.

299 1087 419 1185 ltaque
445 1088 524 1162 nihil
550 1106 683 1164 restare
710 1091 859 1182 videtur,
887 1092 949 1165 nisi
970 1108 1008 1167 ut
1029 1091 1121 1167 nulla
1141 1092 1379 1191 praeiudicata

244 1210 406 1306 opinione
432 1213 643 1310 inquiramus
669 1215 702 1287 in
724 1215 934 1305 Pmromn,
957 1241 1131 1313 quosnam
1153 1216 1207 1288 hic
1220 1216 1254 1287 in
1267 1215 1378 1311 operi·

244 1331 311 1406 bus
359 1334 447 1408 inter
486 1335 717 1435 philosophos
756 1355 917 1412 numeret
957 1354 1018 1412 aut
1057 1337 1295 1412 numeravisse
1336 1337 1379 1410 sit

241 1456 449 1531 censendus,
493 1457 599 1532 Cuius
638 1475 758 1534 tamen
796 1460 1008 1559 quaestionis
1043 1461 1137 1558 prior
1170 1485 1255 1558 pars
1291 1458 1379 1532 solvi

243 1602 315 1650 non
353 1595 483 1676 potest,
526 1607 605 1654 cum
646 1606 819 1679 nusquam
859 1608 982 1656 eorum
1022 1582 1081 1680 qui
1116 1608 1161 1656 ex
1196 1583 1376 1654 Pcnroms

242 1702 416 1776 sententia
442 1720 522 1777 sunt
547 1702 757 1802 philosophi,
785 1721 943 1779 occurrat
965 1705 998 1778 in
1020 1706 1187 1804 operibus
1209 1705 1283 1778 eius
1296 1729 1376 1777 enu-

243 1825 404 1915 meratio,
432 1826 540 1900 immo
566 1852 653 1900 vero
679 1852 724 1900 ne
751 1827 845 1900 dicat
871 1827 1013 1926 quidem
1040 1854 1183 1926 semper
1208 1825 1326 1926 plane,
1350 1826 1378 1899 si

244 1970 353 2042 quem
386 1947 419 2020 in
452 1945 742 2046 philosophorum
768 1974 916 2024 numero
943 1950 1071 2044 habet3
1099 1948 1179 2024 licet
1204 1948 1376 2022 interdum
1408 2033 1410 2038 Ι
1495 2031 1499 2040 Ι

243 2067 430 2142 nonnullos
476 2095 546 2144 una
593 2087 786 2162 enumeret,
834 2087 872 2146 ut
905 2071 1090 2146 Theaetet.
1136 2092 1205 2164 152
1231 2071 1283 2144 E:
1321 2076 1377 2147 καὶ

242 2198 310 2296 περὶ
347 2188 458 2271 τούτου
495 2191 610 2287 πάντες
649 2199 725 2288 ἑξῆς
762 2199 791 2273 οἱ
827 2201 916 2299 σοροὶ
949 2195 1033 2281 πλὴν
1063 2196 1268 2298 Παρμενίδου
1297 2223 1377 2295 συμ-

244 2313 406 2420 ρέρεσθον,
448 2317 667 2420 Πρωταγόρας
708 2349 740 2394 τε
784 2325 840 2395 καὶ
882 2314 1085 2420 Ἡράκλειτος
1122 2323 1178 2394 καὶ
1216 2311 1378 2419 Ἐμπεδο-

243 2443 328 2528 κλῆς
366 2431 501 2532 κ.τ.λ.1)
532 2437 609 2511 Nec
636 2435 696 2512 tali
723 2438 987 2513 enumeratione
1014 2437 1062 2512 ad
1089 2463 1145 2528 ea,
1174 2461 1269 2535 quae
1296 2461 1375 2534 pro-

241 2559 362 2656 posuit
397 2559 461 2632 sibi
497 2560 632 2652 nmo,
670 2587 761 2659 opus
795 2577 861 2652 est,
897 2583 977 2634 cum
1014 2561 1088 2635 eius
1118 2558 1280 2659 dialogos
1306 2582 1379 2631 non

242 2681 291 2754 ad
333 2683 582 2780 exponendam
624 2682 867 2782 philosophiae
900 2683 1077 2758 historiam
1112 2683 1260 2781 scriptos
1295 2705 1376 2754 esse

243 2829 354 2902 supra
385 2805 455 2877 iam
491 2804 619 2879 dictum
655 2807 718 2900 sit3
755 2807 791 2879 id
824 2806 921 2904 quod
955 2805 1032 2902 ipse
1066 2805 1193 2878 indicat
1219 2803 1373 2901 Sophist.

247 2926 369 3020 245E
396 2923 558 3026 (loquitur
583 2927 717 3027 hospes
742 2927 947 3026 Eleaticus):
977 2926 1059 3021 Τοὺς
1085 2928 1143 3032 μὲν
1169 2934 1275 3007 τοίνυν
1299 2930 1375 3005 δια-

242 3051 555 3155 κριβολογονμένονς
582 3049 672 3144 ἔντος
697 3084 730 3129 τε
757 3052 826 3155 πέρι
854 3052 984 3155 καὶμὴ
1016 3048 1186 3143 πάντας
1217 3048 1293 3153 μὲν
1327 3045 1373 3126 οὐ

243 3168 589 3276 διεληλύθαμεν,
630 3174 743 3278 ὅμως
784 3174 828 3252 dl
869 3179 1031 3266 ἱκανῶς
1071 3173 1227 3278 ἐχέτω,
1265 3197 1372 3270 quem

241 3293 359 3368 locum
395 3319 491 3392 quae
525 3313 718 3393 sequuntur
753 3323 869 3371 rursus
903 3296 1064 3386 indicant,
1093 3297 1141 3370 ad
1167 3319 1290 3369 verum
1317 3293 1374 3368 eli·

239 3416 401 3491 ciendum
427 3418 461 3491 in
486 3418 640 3516 priorum
666 3418 725 3494 vel
752 3418 897 3494 aliorum
924 3419 1114 3493 sententias
1136 3416 1374 3515 inquirendum

241 3565 343 3614 esse:
371 3537 446 3632 τοὺς
473 3539 509 3618 δὲ
534 3537 644 3634 ἄλλως
668 3542 822 3644 λέγοντας
845 3529 888 3620 αὖ
913 3542 1053 3644 θεατέον,
1081 3538 1126 3619 ἵν’
1149 3543 1191 3619 ἐκ
1213 3536 1373 3618 πάντων

243 3666 426 3767 εἰδῶμεν
463 3663 528 3742 ὅτι
555 3665 599 3741 τὸ
627 3667 670 3743 ὂν
697 3673 771 3742 τοῦ
798 3665 854 3769 μὴ
883 3663 1007 3757 ’ὄντος
1034 3661 1161 3741 οὐδὲν
1190 3659 1369 3767 εὐπορώ-

243 3817 367 3890 τερον
396 3791 531 3864 εἰπεῖν
561 3786 625 3864 ὅτι
652 3783 734 3865 ποτ’
764 3785 894 3867 ἔστιν.

296 3907 455 3998 Accedit,
488 3909 584 4006 quod
611 3909 759 3984 eosdem
786 3909 896 3984 modo
921 3909 1009 3983 inter
1034 3905 1264 4006 philosophos
1290 3932 1371 3981 enu-

240 4046 366 4121 merat,
391 4031 500 4106 modo
523 4031 597 4106 aliis
617 4032 744 4107 indicat
765 4032 973 4123 nominihus,
991 4033 1109 4128 itaque
1122 4029 1189 4103 hac
1202 4030 1235 4102 in
1248 4055 1287 4103 re
1301 4055 1372 4104 non

239 4179 383 4250 semper
409 4154 474 4227 sibi
500 4171 662 4230 constare
688 4155 832 4231 videtur.
863 4154 932 4246 Sic,
961 4179 1068 4252 quem
1091 4151 1243 4251 exempli
1264 4177 1373 4227 causa

240 4302 495 4367 commemoro,
511 4276 672 4353 Thales
685 4279 869 4378 Protagor.
889 4301 962 4373 343
979 4277 1016 4350 A
1029 4277 1116 4351 inter
1130 4291 1302 4375 septem
1317 4277 1375 4373 qui

242 4399 399 4474 dicuntur
419 4400 648 4498 sapientes
670 4417 909 4474 enumeratur:
936 4397 1055 4477 wiron
1080 4399 1127 4496 (h.
1142 4425 1175 4473 e.
1200 4423 1246 4472 ex
1262 4396 1301 4470 iis
1316 4397 1375 4495 qui

241 4523 386 4619 antiquo
408 4536 572 4621 tempore
595 4523 777 4598 Laconum
798 4521 1012 4622 disciplinam
1025 4538 1121 4597 recte
1134 4520 1379 4596 intellexerunt

259 4655 418 4666 --—-.-

295 4722 321 4790 ι)
341 4721 381 4772 Cf.
401 4727 533 4787 praeterea
552 4720 659 4772 Theaet.
682 4718 731 4772 180
741 4721 835 4772 D-E.
