3724 5576
845 639 891 712 23

305 825 404 885 stare
440 811 596 904 videtur,
634 812 670 884 in
705 813 880 910 opinione
917 811 1053 912 aliqua,
1092 841 1204 913 quam
1243 817 1431 891 Pennoms

306 958 419 1030 opera
443 950 750 1027 commemorant,
774 937 1019 1030 aestimanda,
1043 963 1191 1036 semper
1214 964 1296 1014 esse
1321 965 1431 1039 quae·

305 1055 459 1130 rendum
487 1058 549 1154 qui
577 1056 676 1131 illam
704 1059 870 1155 proferat
896 1075 934 1134 et
961 1061 1017 1134 cui
1046 1061 1325 1158 respondeatur.
1338 1060 1364 1160 ¹)

359 1200 391 1274 7.
421 1178 499 1254 Sed
523 1179 616 1255 haec
640 1182 777 1273 omnia,
802 1183 872 1256 etsi
887 1207 992 1257 suam
1008 1183 1148 1258 habent
1163 1182 1429 1277 difficultatem,

304 1303 513 1376 communia
545 1319 632 1377 sunt
659 1304 828 1377 Pnnrom
852 1331 935 1378 cum
959 1307 1151 1380 scaenicae
1175 1307 1300 1404 poesis
1314 1308 1431 1405 operi·

303 1423 391 1496 bus:
429 1425 465 1497 in
494 1425 551 1498 his
579 1450 731 1524 quoque
754 1427 907 1501 omnino
935 1453 1010 1502 non
1039 1430 1163 1526 prodit
1191 1430 1226 1502 in
1256 1455 1430 1504 scaenam
1537 1415 1541 1422 ¹

302 1546 380 1642 ipse
409 1557 542 1645 poeta,
567 1549 602 1622 in
627 1549 683 1622 his
706 1575 858 1648 quoque
882 1575 1113 1649 magnopere
1134 1553 1257 1643 refert,
1280 1551 1432 1649 quando

305 1683 342 1742 et
369 1695 446 1765 quo
475 1685 686 1768 temporum
710 1672 839 1746 ordine
863 1673 967 1748 varia
990 1673 1160 1748 dramata
1184 1675 1320 1772 scripta
1341 1675 1431 1765 sint,

303 1791 339 1864 in
377 1792 433 1865 his
468 1819 619 1890 quoque
656 1809 697 1866 ut
732 1819 823 1870 vera
851 1811 989 1892 poetae
1017 1796 1142 1892 opinio
1171 1812 1430 1895 cognoscatur,

304 1914 560 1988 sciscitandum
584 1931 653 2008 est,
679 1916 761 2014 quis
775 1916 853 1990 eius
867 1918 969 1992 vices
982 1917 1162 1992 obtineat.
1180 1917 1273 1991 Illud
1288 1933 1432 1992 tantum

306 2037 398 2111 inter
417 2037 605 2136 utriusque
619 2039 802 2112 rationem
817 2038 981 2131 interest,
997 2039 1099 2136 quod
1116 2039 1304 2113 Punroms
1318 2065 1433 2138 opera

305 2160 416 2258 ipsius
443 2160 550 2234 huius
578 2159 769 2235 doctrinae
792 2162 1016 2259 aperiendae
1040 2187 1153 2236 causa
1177 2178 1262 2236 sunt
1285 2163 1433 2260 scripta,

305 2284 512 2357 dramatum
527 2284 760 2382 propositum
775 2285 1013 2382 praecipuum
1028 2283 1127 2358 aliud
1143 2300 1210 2376 est,
1227 2300 1264 2358 et
1279 2285 1375 2358 hanc
1386 2285 1436 2358 ob

304 2431 381 2480 rem
397 2407 433 2479 in
445 2406 622 2480 Punroms
633 2404 748 2481 multo
759 2421 845 2480 sunt
855 2405 1086 2482 molestiores
1095 2405 1179 2480 illae
1190 2405 1434 2482 difficultates.

358 2527 414 2602 At
435 2526 508 2602 alia
531 2544 634 2603 extat
657 2554 717 2602 res
739 2526 853 2626 longe
878 2529 1026 2602 maioris
1046 2529 1236 2618 momenti,
1253 2555 1327 2628 qua
1343 2530 1435 2602 PLA-

304 2673 413 2725 aoms
448 2652 497 2726 de
525 2650 775 2748 superioribus
801 2651 920 2724 iudicii
949 2652 1111 2749 cognitio
1141 2652 1331 2725 obstructa
1358 2668 1433 2726 est:

305 2774 587 2849 Socraticam
611 2772 694 2848 dico
723 2771 850 2848 illam
874 2771 1121 2870 ironiam,²)
1146 2800 1213 2871 per
1227 2775 1306 2847 eius
1319 2800 1435 2871 opera

304 2897 520 2995 dispersam,
549 2921 659 2994 quae,
684 2897 856 2993 quamvis
878 2897 1036 2970 facetam
1057 2912 1095 2970 et
1110 2895 1322 2994 elegantem
1337 2897 1436 2971 dicat

306 3015 498 3117 thstto,³)
540 3019 701 3092 maxime
742 3033 868 3092 tamen
906 3019 1072 3116 impedit,
1108 3019 1305 3117 quominus
1342 3045 1432 3093 vera

306 3142 493 3216 Punroms
506 3141 692 3215 sententia
706 3141 975 3215 internoscatur
988 3141 1037 3215 ab
1051 3141 1105 3231 iis,
1121 3165 1218 3238 quae
1233 3165 1299 3237 per
1313 3141 1434 3215 iocum

303 3281 341 3340 et
363 3262 490 3337 ludum
515 3279 579 3337 aut
602 3261 757 3337 aliorum
783 3263 977 3360 opiniones
996 3261 1207 3336 ludificandi
1222 3287 1335 3336 causa
1349 3279 1435 3336 sunt

303 3387 411 3462 dicta.
443 3386 593 3485 Nempe
615 3387 830 3484 saepissime
854 3386 948 3461 haec
970 3386 1022 3459 ita
1036 3385 1119 3459 serii
1135 3385 1296 3482 speciem
1312 3385 1432 3477 offert,

303 3525 342 3584 ut
380 3509 495 3583 etiam
533 3509 628 3583 inter
669 3534 736 3582 eos
775 3509 837 3606 qui
879 3534 1029 3582 omnem
1069 3509 1145 3582 fere
1189 3523 1353 3582 aetatem
1397 3508 1433 3582 in

304 3632 491 3704 PLnTours
527 3630 650 3706 studio
686 3632 992 3729 consumpserint,
1030 3630 1078 3704 de
1110 3655 1155 3704 ea
1184 3655 1258 3704 non
1286 3656 1435 3728 semper

348 3904 374 3973 1)
399 3906 439 3956 De
455 3905 584 3971 dialogico
598 3905 681 3955 formu
695 3905 728 3956 cl.
742 3906 759 3955 i.
777 3921 800 3955 a.
817 3907 985 3972 Ununwuu,
995 3905 1237 3971 Untersuchungen.
1247 3905 1337 3955 Erster
1346 3905 1433 3972 Theil,

303 4008 362 4058 pag.
381 3992 425 4059 61,
443 4008 520 4059 pagg.
540 3992 660 4055 62-702
678 3993 730 4042 Die
749 3991 903 4058 Bedeutung
922 3993 967 4042 der
984 3993 1062 4042 Form
1077 3992 1434 4058 inPlato’sDinlogenttber-

301 4078 397 4146 haupt3
418 4093 495 4144 pagg.
516 4077 633 4142 70-78:
652 4079 703 4128 Die
722 4078 946 4129 verschiedenheit
964 4079 1010 4128 der
1025 4079 1103 4129 Form
1121 4079 1148 4128 in
1163 4078 1215 4128 den
1231 4079 1434 4130 verschiedenen

301 4165 440 4231 Dialogen.
458 4193 494 4204 -
512 4166 543 4215 E.
561 4165 690 4216 Nonusrt.
709 4166 761 4215 Die
780 4165 870 4216 antike
889 4165 1063 4232 Kunstprosa.
1082 4167 1103 4216 1.
1126 4182 1153 4232 p.
1177 4177 1234 4230 103.
1253 4183 1313 4232 sqq.

345 4253 463 4318 zeutan,
482 4252 535 4303 o.l.
555 4253 591 4318 11,
612 4253 638 4303 1⁴
657 4269 717 4318 pag.
738 4251 886 4318 569-578.

346 4338 374 4405 2)
393 4337 434 4389 Cl.
459 4339 572 4404 Crcuuo,
597 4340 678 4390 Acad.
704 4341 782 4404 prior.
807 4341 845 4405 11,
871 4348 916 4404 15:
943 4339 983 4388 lta
1007 4355 1066 4389 cum
1090 4338 1162 4389 aliud
1181 4339 1277 4389 diceret
1296 4338 1435 4406 [Socrates]

301 4433 379 4492 atque
407 4425 525 4491 sentiret,
551 4426 664 4477 libenter
690 4427 729 4476 uti
757 4427 849 4476 solitus
876 4433 916 4477 est
944 4442 974 4475 ea
1000 4425 1215 4490 dissimulatione,
1243 4440 1321 4489 quam
1344 4425 1436 4476 Graeci

300 4513 419 4574 similar
438 4519 540 4562 vocant.
559 4541 595 4550 -
613 4514 654 4563 De
673 4513 761 4564 ironia
780 4513 813 4564 cf.
833 4512 865 4562 G.
886 4512 1009 4563 Guneus.
1029 4512 1081 4563 Die
1100 4511 1214 4578 Sprache
1232 4511 1270 4562 als
1286 4511 1373 4562 Konst
1389 4513 1437 4580 11²,

304 4615 380 4665 pagg.
401 4608 549 4662 3¹5-324·

350 4685 378 4754 3)
396 4685 498 4753 Brutus,
517 4698 577 4752 292.
