3724 5576
816 701 864 772 45

274 873 465 977 ἐξαχθέντος
493 871 529 951 δὲ
554 869 614 951 τότ’
644 873 709 965 ἤδη
737 873 899 979 σκέψομαι
921 870 971 951 εἴτ’
998 871 1165 976 ἄνεμιοιῖον
1187 881 1245 950 εἴτε
1265 871 1402 976 γόνιμον

275 993 531 1098 ἀναφανήσεται.
573 995 712 1070 Idcirco
757 997 868 1096 igitur
904 995 1115 1070 Theaeteto
1157 993 1314 1068 aliorum
1351 1021 1406 1069 sa·

274 1117 452 1215 pientiam
475 1119 752 1217 degustandam
776 1144 968 1218 apponere
991 1118 1121 1192 dicitur
1145 1116 1349 1209 Socunrns,
1367 1133 1407 1192 ut

276 1241 311 1313 in
348 1239 468 1315 lucem
506 1241 688 1340 producat
724 1242 948 1316 sententiam
975 1239 1079 1314 iilius.
1112 1239 1193 1314 Nec
1220 1265 1312 1314 vero
1336 1239 1407 1314 hac

275 1389 315 1438 re
329 1379 527 1439 contentus
540 1381 609 1439 est:
625 1389 671 1439 ea
686 1364 867 1464 producta
881 1363 1076 1462 spectabit,
1091 1362 1211 1436 inanis
1219 1388 1268 1436 an
1280 1363 1407 1436 nativa

275 1486 490 1582 reperiatur.

328 1608 360 1680 E
389 1609 523 1706 quibus
551 1608 657 1684 iacile
680 1609 774 1685 haec
798 1611 986 1684 Pnnrours
1009 1609 1192 1683 sententia
1207 1609 1404 1682 excutitur:

275 1732 334 1804 ad
361 1732 628 1807 veritatem
657 1733 1056 1831 cognoscendam
1084 1730 1292 1806 aliorum
1316 1732 1404 1830 opi·

276 1853 450 1928 niones
476 1855 759 1929 examinare
789 1881 911 1954 opus
939 1880 1060 1929 esse.

329 1976 434 2051 Idem
462 1977 592 2051 dicitur
619 1977 776 2053 Phaedr.
810 1999 884 2072 274
900 1977 941 2068 Β,
971 1977 1033 2050 ubi
1061 2002 1184 2050 rursus
1212 1976 1405 2049 Socnnrns

276 2097 456 2198 loquitur:
487 2097 603 2186 Ἀκοῆν
629 2096 658 2203 γ’
688 2097 754 2205 ἔχω
782 2101 884 2204 λέγειν
911 2115 974 2177 τῶν
1002 2100 1171 2205 προτέρων,
1199 2101 1235 2176 τὸ
1257 2095 1408 2190 δὀἷληθὲς

276 2217 366 2298 αὐτοὶ
391 2231 512 2299 ἴσασιν.
527 2219 601 2299 εἰδὲ
614 2229 705 2299 τοῦτο
720 2218 861 2327 εὕροιμεν
877 2219 981 2323 οιιίτοί,
996 2210 1064 2327 ἆρα
1076 2216 1151 2323 γ’ἂν
1166 2217 1204 2297 ἔθ’
1221 2225 1301 2323 ἡμῖν
1315 2219 1408 2324 μενοι

275 2357 378 2419 τιτῶν
393 2341 598 2446 ἀνθρωπίνων
612 2339 831 2446 δοξασμάτων
844 2377 852 2435 3
864 2341 935 2415 hoc
945 2358 1020 2415 est:
1036 2367 1119 2415 cum
1130 2367 1260 2415 verum
1271 2341 1408 2414 nescia·

276 2489 369 2554 mus,
397 2463 483 2538 ideo
506 2463 663 2538 aliorum
687 2489 837 2562 quoque
861 2464 1056 2562 opiniones
1077 2462 1287 2538 audiendae
1309 2479 1405 2555 sunt,

276 2586 414 2684 quippe
438 2611 537 2684 quae
561 2586 610 2660 ad
634 2585 939 2685 cognoscendum
963 2583 1051 2659 iilud
1073 2585 1233 2660 afferant
1255 2583 1405 2682 aliquid.

275 2830 383 2896 spreche
407 2831 450 2880 ich
475 2831 536 2880 dich
554 2831 608 2880 und
626 2831 685 2896 lege
703 2831 744 2880 dir
762 2847 791 2880 zu
810 2830 905 2880 kosten
924 2845 971 2879 vor
988 2845 1052 2878 von
1071 2828 1209 2879 aileriei
1229 2829 1407 2899 Weisheit‚

274 2917 316 2966 bis
334 2917 377 2966 ich
395 2917 501 2966 endlich
516 2917 583 2967 auch
602 2917 678 2967 deine
699 2917 826 2982 Meinung
844 2917 891 2966 mit
910 2932 957 2966 ans
975 2915 1053 2966 Licht
1070 2916 1173 2981 bringe.

320 3003 392 3053 idem
402 3003 456 3054 sere
467 3001 717 3070 Mttttunfflatou’s
728 3003 889 3054 stimmtliche
897 3001 1000 3052 Werke.
1007 3003 1157 3052 Uebersetzt
1164 3018 1217 3052 von
1224 3003 1408 3054 Htunottvuus

275 3091 402 3155 Mithres,
418 3091 466 3141 mit
485 3091 674 3156 Einleitungen
691 3091 818 3156 begleitet
837 3105 889 3139 von
909 3090 990 3140 Kato.
1008 3089 1177 3140 subruatur.
1193 3091 1243 3156 111,
1261 3107 1321 3156 pag.
1340 3092 1409 3158 122).

320 3180 375 3228 As‘r
392 3176 520 3244 (Platonis
536 3195 603 3244 quse
618 3184 720 3228 exstant
737 3193 816 3244 opera
832 3179 858 3227 11
873 3193 933 3243 pag.
951 3176 1010 3242 47):
1031 3173 1112 3244 „(me)
1123 3215 1129 3229 .
1140 3212 1146 3226 .
1158 3212 1181 3227 ..
1198 3177 1246 3227 tibi
1261 3193 1323 3228 vero
1332 3193 1409 3244 opem

275 3265 340 3314 ierre
358 3266 533 3316 obstetricium
551 3275 577 3316 et
595 3265 692 3316 idcirco
711 3266 844 3316 incantare
862 3271 941 3329 atque
960 3264 1097 3330 sapiens
1117 3264 1256 3329 quidvis
1274 3281 1408 3331 apponere

275 3350 490 3416 degustandum.”

317 3439 406 3505 Vides,
429 3439 584 3505 interpretes
608 3439 688 3490 hosce
713 3444 763 3490 τθν
785 3444 867 3505 σοφθν
890 3438 1055 3504 interpretari
1075 3438 1226 3503 genetivum
1245 3455 1261 3488 a
1279 3441 1315 3490 σθι
1333 3441 1408 3504 σοφά,

273 3527 344 3591 quod
362 3527 439 3592 idem,
454 3543 611 3593 quamquam
626 3527 796 3578 masculinum
812 3543 869 3578 esse
884 3543 961 3594 posse
971 3525 1098 3592 concedo,
1108 3526 1173 3575 mihi
1184 3541 1290 3592 quoque
1300 3527 1409 3578 videtur.

274 3615 340 3664 Nam
363 3615 456 3680 primo,
475 3629 533 3663 cum
552 3614 659 3664 huiusce
677 3613 729 3664 ioci
750 3613 856 3664 dicendi
876 3630 958 3680 genus
976 3619 1110 3678 sumptum
1129 3611 1163 3662 sit
1182 3629 1197 3662 a
1215 3613 1281 3663 cibis
1298 3613 1409 3680 aliisque

273 3702 359 3766 rebus,
377 3700 477 3766 hospiti
494 3700 623 3766 appositis
641 3699 687 3767 (ci.
705 3715 727 3750 e.
737 3715 763 3766 g.
782 3701 858 3750 Ηονι.
877 3699 1007 3765 Odyssm,
1028 3711 1089 3762 192:
1111 3701 1126 3758 ti
1143 3701 1168 3750 o!
1184 3701 1273 3766 βρῶσίν
1290 3718 1320 3751 τι
1336 3703 1408 3750 νιθσιν

273 3808 304 3841 τι
320 3789 453 3854 παρτιθεῖ),
471 3789 603 3838 venustior
622 3788 658 3836 ita
675 3794 714 3837 est
733 3787 905 3854 comparati03
925 3786 1020 3837 deinde
1040 3801 1101 3836 vero
1119 3785 1197 3836 etium
1216 3785 1309 3836 rectior
1324 3795 1363 3837 est
1378 3803 1408 3838 ea

275 3876 463 3942 interpretatio,
481 3891 539 3925 cum
558 3890 612 3925 non
630 3880 767 3940 gustentur
784 3877 865 3940 σοφοί,
884 3873 930 3924 sed
947 3879 997 3924 ritu
1015 3881 1097 3938 σοφῶν
1114 3873 1234 3937 θθγμσιτιι
1248 3871 1409 3939 (quodidem

274 3961 422 4027 significant
444 3963 524 4012 verbs
548 3965 583 4012 cir
606 3959 694 4028 σοφιθ.)
718 3961 825 4026 Optime
845 3959 977 4011 confertur
996 3961 1097 4026 Protag.
1118 3969 1168 4024 325
1180 3959 1216 4008 E:
1234 3961 1413 4024 παρατιθέασιν

272 4048 359 4110 σι’ντσῖς
369 4089 375 4100 .
386 4089 408 4103 ..
425 4050 621 4115 ἀναγιγνώσκειν
640 4055 746 4108 asturiis
765 4049 865 4114 ἀγαθῶν
883 4048 1022 4111 ποιήματι.

319 4137 439 4186 Ceterum
463 4137 561 4188 locutio
584 4141 620 4188 τοι
642 4137 710 4202 σνφθ
733 4136 796 4186 olibi
821 4151 927 4202 quoque
952 4133 1099 4184 invenitur:
1124 4131 1156 4182 ci.
1183 4133 1285 4200 Protag.
1310 4135 1408 4198 312C:

271 4223 351 4274 θτῧν
368 4231 450 4288 σοφῶν
467 4223 621 4288 ixionium,
639 4225 708 4274 Eun.
725 4223 784 4288 Iph.
801 4225 833 4272 Α.
852 4235 933 4284 1214:
949 4222 1013 4272 τάπ’
1029 4225 1091 4285 ἐμοῦ
1106 4220 1181 4285 σοφά,
1197 4221 1327 4287 rapientia
1337 4238 1410 4280 mea,-

271 4309 305 4358 ci.
322 4317 456 4375 praeterea
480 4305 562 4362 som.
587 4310 653 4360 Phil.
680 4322 756 4375 1244,
775 4309 843 4359 Eun.
862 4308 956 4359 Bacch.
976 4307 1408 4375 480,ipsiusP1.rtrou1sCratyl.

270 4408 321 4460 402
334 4398 371 4446 A:
388 4400 436 4448 'riu
453 4397 616 4462 Ἡράκλειτόν
632 4417 674 4461 μοι
693 4397 754 4448 ion&
771 4397 872 4459 καθορᾶν
886 4396 982 4446 παλαί’
997 4395 1069 4446 trra
1083 4397 1150 4459 σοφὰ
1166 4393 1284 4458 λέγουσιν.
1303 4394 1408 4444 Addere

270 4482 413 4548 δογμάτων,
440 4484 477 4534 ita
504 4491 531 4534 ut
555 4485 656 4551 legatur
679 4489 729 4535 etti
753 4491 834 4549 copon
857 4483 1000 4548 δογμάτων,
1022 4496 1129 4532 necesse
1155 4495 1208 4530 non
1234 4479 1350 4532 videtur:
1375 4485 1410 4534 rit

268 4572 337 4630 σσφσ
388 4568 423 4617 σὺ
440 4570 508 4632 σοφὰ
526 4567 647 4631 θθγμσσσ
659 4591 683 4612 ι
697 4569 731 4618 σὺ
748 4571 798 4617 'rtis
815 4574 897 4632 σοφῶν
916 4565 1043 4633 θθγμιντισ.

316 4652 426 4720 Dubito,
444 4660 528 4704 utrum
546 4653 659 4705 θνθστιιν
676 4655 709 4704 sit
726 4653 882 4703 adiectiuum
901 4653 934 4703 ad
952 4658 1002 4703 ritu
1019 4660 1108 4718 σοφῶν,
1126 4665 1158 4701 su
1178 4659 1227 4703 rur
1244 4657 1326 4716 erodi
1343 4667 1404 4716 gen.

273 4747 338 4804 part.
356 4741 390 4790 ad
408 4739 532 4802 θνάστινν,
551 4741 680 4791 sententia
699 4740 790 4790 eodem
808 4740 862 4790 iere
882 4739 958 4790 redit.
