<?xml version="1.0" encoding="UTF-8"?>
<!DOCTYPE html PUBLIC "-//W3C//DTD XHTML 1.0 Transitional//EN"
    "http://www.w3.org/TR/xhtml1/DTD/xhtml1-transitional.dtd">
<html xmlns="http://www.w3.org/1999/xhtml" xml:lang="en" lang="en">
 <head>
  <title>
</title>
<meta http-equiv="Content-Type" content="text/html;charset=utf-8" />
  <meta name='ocr-system' content='tesseract 3.04.00' />
  <meta name='ocr-capabilities' content='ocr_page ocr_carea ocr_par ocr_line ocrx_word'/>
</head>
<body>
  <div class='ocr_page' id='page_1' title='image "./deplatonepraeso01woltgoog_0169.png"; bbox 0 0 3698 5574; ppageno 0'>
   <div class='ocr_carea' id='block_1_1' title="bbox 989 671 1057 743">
    <p class='ocr_par' dir='ltr' id='par_1_1' title="bbox 989 671 1057 743">
     <span class='ocr_line' id='line_1_1' title="bbox 989 671 1057 743; baseline -0.029 -21"><span class='ocrx_word' id='word_1_1' title='bbox 989 671 1057 743; x_wconf 85' lang='lat'>¹5²</span> 
     </span>
    </p>
   </div>
   <div class='ocr_carea' id='block_1_2' title="bbox 451 846 1584 1555">
    <p class='ocr_par' dir='ltr' id='par_1_2' title="bbox 453 846 1583 1067">
     <span class='ocr_line' id='line_1_2' title="bbox 453 846 1583 938; baseline -0.002 -17"><span class='ocrx_word' id='word_1_2' title='bbox 453 848 620 922; x_wconf 90' lang='lat' dir='ltr'>subiecta</span> <span class='ocrx_word' id='word_1_3' title='bbox 658 862 757 921; x_wconf 88' lang='lat' dir='ltr'>esset</span> <span class='ocrx_word' id='word_1_4' title='bbox 794 847 893 922; x_wconf 90' lang='lat' dir='ltr'>hisce</span> <span class='ocrx_word' id='word_1_5' title='bbox 930 848 1064 938; x_wconf 75' lang='lat' dir='ltr'>verbiS,</span> <span class='ocrx_word' id='word_1_6' title='bbox 1103 846 1267 921; x_wconf 87' lang='lat' dir='ltr'>carmina</span> <span class='ocrx_word' id='word_1_7' title='bbox 1299 846 1475 921; x_wconf 90' lang='lat' dir='ltr'>nonnulla</span> <span class='ocrx_word' id='word_1_8' title='bbox 1503 847 1583 921; x_wconf 88' lang='lat' dir='ltr'>cani</span> 
     </span>
     <span class='ocr_line' id='line_1_3' title="bbox 453 969 1581 1067; baseline -0.002 -23"><span class='ocrx_word' id='word_1_9' title='bbox 453 970 557 1044; x_wconf 79' lang='lat' dir='ltr'>nefas</span> <span class='ocrx_word' id='word_1_10' title='bbox 590 995 684 1060; x_wconf 85' lang='lat' dir='ltr'>esse,</span> <span class='ocrx_word' id='word_1_11' title='bbox 713 969 775 1043; x_wconf 79' lang='lat' dir='ltr'>vel</span> <span class='ocrx_word' id='word_1_12' title='bbox 796 971 835 1044; x_wconf 92' lang='lat' dir='ltr'>si</span> <span class='ocrx_word' id='word_1_13' title='bbox 863 970 1012 1067; x_wconf 78' lang='lat' dir='ltr'><em>Orphei</em></span> <span class='ocrx_word' id='word_1_14' title='bbox 1035 970 1268 1044; x_wconf 83' lang='lat' dir='ltr'><em>carminibus</em></span> <span class='ocrx_word' id='word_1_15' title='bbox 1294 969 1375 1043; x_wconf 82' lang='lat' dir='ltr'>sint</span> <span class='ocrx_word' id='word_1_16' title='bbox 1399 969 1581 1043; x_wconf 79' lang='lat' dir='ltr'><em>dulciora.</em></span> 
     </span>
    </p>

    <p class='ocr_par' dir='ltr' id='par_1_3' title="bbox 451 1090 1584 1555">
     <span class='ocr_line' id='line_1_4' title="bbox 509 1090 1584 1191; baseline -0.002 -25"><span class='ocrx_word' id='word_1_17' title='bbox 509 1091 642 1167; x_wconf 87' lang='lat' dir='ltr'>Altera</span> <span class='ocrx_word' id='word_1_18' title='bbox 677 1107 735 1167; x_wconf 91' lang='lat' dir='ltr'>est</span> <span class='ocrx_word' id='word_1_19' title='bbox 772 1118 842 1183; x_wconf 83' lang='lat' dir='ltr'>res,</span> <span class='ocrx_word' id='word_1_20' title='bbox 880 1093 982 1191; x_wconf 92' lang='lat' dir='ltr'>quod</span> <span class='ocrx_word' id='word_1_21' title='bbox 1020 1118 1089 1167; x_wconf 90' lang='lat' dir='ltr'>nec</span> <span class='ocrx_word' id='word_1_22' title='bbox 1125 1092 1226 1190; x_wconf 91' lang='lat' dir='ltr'>apud</span> <span class='ocrx_word' id='word_1_23' title='bbox 1264 1090 1357 1166; x_wconf 89' lang='lat' dir='ltr'>alios</span> <span class='ocrx_word' id='word_1_24' title='bbox 1395 1093 1584 1164; x_wconf 76' lang='lat' dir='ltr'>Pnsroms</span> 
     </span>
     <span class='ocr_line' id='line_1_5' title="bbox 453 1214 1583 1313; baseline -0.002 -24"><span class='ocrx_word' id='word_1_25' title='bbox 453 1231 664 1313; x_wconf 90' lang='lat' dir='ltr'>temporum</span> <span class='ocrx_word' id='word_1_26' title='bbox 693 1215 890 1313; x_wconf 87' lang='lat' dir='ltr'>scriptores</span> <span class='ocrx_word' id='word_1_27' title='bbox 918 1240 992 1288; x_wconf 92' lang='lat' dir='ltr'>non</span> <span class='ocrx_word' id='word_1_28' title='bbox 1017 1214 1176 1288; x_wconf 89' lang='lat' dir='ltr'>occurrit</span> <span class='ocrx_word' id='word_1_29' title='bbox 1199 1214 1298 1288; x_wconf 91' lang='lat' dir='ltr'>idem</span> <span class='ocrx_word' id='word_1_30' title='bbox 1323 1214 1469 1288; x_wconf 90' lang='lat' dir='ltr'>dicendi</span> <span class='ocrx_word' id='word_1_31' title='bbox 1485 1240 1583 1304; x_wconf 85' lang='lat' dir='ltr'>usus,</span> 
     </span>
     <span class='ocr_line' id='line_1_6' title="bbox 452 1335 1584 1435; baseline -0.002 -25"><span class='ocrx_word' id='word_1_32' title='bbox 452 1338 516 1435; x_wconf 93' lang='lat' dir='ltr'>qui</span> <span class='ocrx_word' id='word_1_33' title='bbox 553 1336 705 1434; x_wconf 91' lang='lat' dir='ltr'>Orphici</span> <span class='ocrx_word' id='word_1_34' title='bbox 734 1353 864 1410; x_wconf 90' lang='lat' dir='ltr'>cantus</span> <span class='ocrx_word' id='word_1_35' title='bbox 892 1335 1124 1411; x_wconf 89' lang='lat' dir='ltr'>dulcedinem</span> <span class='ocrx_word' id='word_1_36' title='bbox 1153 1336 1189 1409; x_wconf 92' lang='lat' dir='ltr'>in</span> <span class='ocrx_word' id='word_1_37' title='bbox 1218 1335 1404 1434; x_wconf 87' lang='lat' dir='ltr'>proverbii</span> <span class='ocrx_word' id='word_1_38' title='bbox 1432 1360 1584 1409; x_wconf 89' lang='lat' dir='ltr'>consue·</span> 
     </span>
     <span class='ocr_line' id='line_1_7' title="bbox 451 1455 1579 1555; baseline -0.002 -23"><span class='ocrx_word' id='word_1_39' title='bbox 451 1459 618 1533; x_wconf 89' lang='lat' dir='ltr'>tudinem</span> <span class='ocrx_word' id='word_1_40' title='bbox 653 1458 801 1533; x_wconf 87' lang='lat' dir='ltr'>venisse</span> <span class='ocrx_word' id='word_1_41' title='bbox 839 1459 1010 1533; x_wconf 90' lang='lat' dir='ltr'>ostendit.</span> <span class='ocrx_word' id='word_1_42' title='bbox 1024 1455 1050 1555; x_wconf 89' lang='lat'>¹)</span> <span class='ocrx_word' id='word_1_43' title='bbox 1089 1457 1221 1532; x_wconf 80' lang='lat' dir='ltr'>Affero</span> <span class='ocrx_word' id='word_1_44' title='bbox 1260 1457 1453 1533; x_wconf 77' lang='lat' dir='ltr'>Eunnums</span> <span class='ocrx_word' id='word_1_45' title='bbox 1494 1455 1579 1531; x_wconf 85' lang='lat' dir='ltr'>Alc.</span> 
     </span>
    </p>
   </div>
   <div class='ocr_carea' id='block_1_3' title="bbox 451 1601 768 1678">
    <p class='ocr_par' dir='ltr' id='par_1_4' title="bbox 451 1601 768 1678">
     <span class='ocr_line' id='line_1_8' title="bbox 451 1601 768 1678; baseline 0.006 -2"><span class='ocrx_word' id='word_1_46' title='bbox 451 1606 526 1655; x_wconf 79' lang='lat' dir='ltr'>vss·</span> <span class='ocrx_word' id='word_1_47' title='bbox 559 1601 632 1676; x_wconf 83' lang='lat'>357</span> <span class='ocrx_word' id='word_1_48' title='bbox 662 1607 768 1678; x_wconf 53' lang='lat' dir='ltr'>sqq*</span> 
     </span>
    </p>
   </div>
   <div class='ocr_carea' id='block_1_4' title="bbox 557 1775 1494 2499">
    <p class='ocr_par' dir='ltr' id='par_1_5' title="bbox 557 1775 1494 2378">
     <span class='ocr_line' id='line_1_9' title="bbox 558 1775 1494 1886; baseline 0.001 -29"><span class='ocrx_word' id='word_1_49' title='bbox 558 1785 585 1858; x_wconf 83' lang='grc' dir='ltr'>εἰ</span> <span class='ocrx_word' id='word_1_50' title='bbox 611 1775 642 1857; x_wconf 76' lang='grc' dir='ltr'>δ’</span> <span class='ocrx_word' id='word_1_51' title='bbox 673 1779 811 1885; x_wconf 79' lang='grc' dir='ltr'><em>Ὀρφέως</em></span> <span class='ocrx_word' id='word_1_52' title='bbox 836 1813 891 1884; x_wconf 84' lang='grc' dir='ltr'>μοι</span> <span class='ocrx_word' id='word_1_53' title='bbox 918 1786 1097 1883; x_wconf 79' lang='grc' dir='ltr'>γλῶσσα</span> <span class='ocrx_word' id='word_1_54' title='bbox 1127 1782 1184 1860; x_wconf 84' lang='grc' dir='ltr'>καὶ</span> <span class='ocrx_word' id='word_1_55' title='bbox 1213 1783 1348 1884; x_wconf 82' lang='grc' dir='ltr'><strong>μέλος</strong></span> <span class='ocrx_word' id='word_1_56' title='bbox 1375 1794 1494 1886; x_wconf 79' lang='grc' dir='ltr'>παρῆν,</span> 
     </span>
     <span class='ocr_line' id='line_1_10' title="bbox 557 1899 1309 2007; baseline -0.001 -25"><span class='ocrx_word' id='word_1_57' title='bbox 557 1899 631 1982; x_wconf 76' lang='grc' dir='ltr'>ὥστ’</span> <span class='ocrx_word' id='word_1_58' title='bbox 658 1901 679 1986; x_wconf 76' lang='grc' dir='ltr'><strong>ἢ</strong></span> <span class='ocrx_word' id='word_1_59' title='bbox 708 1902 808 2007; x_wconf 76' lang='grc' dir='ltr'>κόρην</span> <span class='ocrx_word' id='word_1_60' title='bbox 836 1903 1008 2006; x_wconf 74' lang='grc' dir='ltr'><strong>Δήμητρος</strong></span> <span class='ocrx_word' id='word_1_61' title='bbox 1036 1901 1057 1986; x_wconf 79' lang='lat' dir='ltr'>h</span> <span class='ocrx_word' id='word_1_62' title='bbox 1086 1909 1191 1996; x_wconf 84' lang='grc' dir='ltr'><strong><em>κείνης</em></strong></span> <span class='ocrx_word' id='word_1_63' title='bbox 1218 1903 1309 1982; x_wconf 80' lang='grc' dir='ltr'>πόσιν</span> 
     </span>
     <span class='ocr_line' id='line_1_11' title="bbox 558 2019 1378 2132; baseline 0.002 -30"><span class='ocrx_word' id='word_1_64' title='bbox 558 2021 739 2128; x_wconf 80' lang='grc' dir='ltr'>ὕμνοισι</span> <span class='ocrx_word' id='word_1_65' title='bbox 768 2022 964 2114; x_wconf 76' lang='grc' dir='ltr'>κηλήσοιντοί</span> <span class='ocrx_word' id='word_1_66' title='bbox 990 2023 1021 2104; x_wconf 89' lang='grc' dir='ltr'>σ’</span> <span class='ocrx_word' id='word_1_67' title='bbox 1050 2026 1085 2118; x_wconf 84' lang='grc' dir='ltr'>ἐξ</span> <span class='ocrx_word' id='word_1_68' title='bbox 1109 2019 1220 2106; x_wconf 75' lang='lat' dir='ltr'>&#39;Ardor</span> <span class='ocrx_word' id='word_1_69' title='bbox 1251 2031 1378 2132; x_wconf 83' lang='grc' dir='ltr'>λαβεῖν,</span> 
     </span>
     <span class='ocr_line' id='line_1_12' title="bbox 559 2141 1438 2250; baseline 0.001 -25"><span class='ocrx_word' id='word_1_70' title='bbox 559 2152 722 2233; x_wconf 79' lang='grc' dir='ltr'>κατῆλθον</span> <span class='ocrx_word' id='word_1_71' title='bbox 750 2141 806 2248; x_wconf 75' lang='lat' dir='ltr'>iis,</span> <span class='ocrx_word' id='word_1_72' title='bbox 835 2153 895 2224; x_wconf 82' lang='grc' dir='ltr'>καί</span> <span class='ocrx_word' id='word_1_73' title='bbox 917 2146 956 2250; x_wconf 84' lang='grc' dir='ltr'>μ’</span> <span class='ocrx_word' id='word_1_74' title='bbox 987 2141 1054 2224; x_wconf 74' lang='grc' dir='ltr'><strong>οὔθ’</strong></span> <span class='ocrx_word' id='word_1_75' title='bbox 1084 2154 1103 2224; x_wconf 84' lang='lat' dir='ltr'>o‘</span> <span class='ocrx_word' id='word_1_76' title='bbox 1133 2143 1324 2241; x_wconf 70' lang='grc' dir='ltr'><strong>Πλούτωνος</strong></span> <span class='ocrx_word' id='word_1_77' title='bbox 1351 2143 1438 2226; x_wconf 70' lang='grc' dir='ltr'>κύων</span> 
     </span>
     <span class='ocr_line' id='line_1_13' title="bbox 558 2264 1304 2378; baseline -0.001 -29"><span class='ocrx_word' id='word_1_78' title='bbox 558 2264 625 2349; x_wconf 77' lang='grc' dir='ltr'><strong>οὔθ’</strong></span> <span class='ocrx_word' id='word_1_79' title='bbox 655 2269 726 2347; x_wconf 82' lang='lat' dir='ltr'>otini</span> <span class='ocrx_word' id='word_1_80' title='bbox 755 2268 847 2378; x_wconf 81' lang='grc' dir='ltr'>κῶπῃ</span> <span class='ocrx_word' id='word_1_81' title='bbox 875 2270 1089 2375; x_wconf 70' lang='grc' dir='ltr'><strong>ψυχοπομπὸς</strong></span> <span class='ocrx_word' id='word_1_82' title='bbox 1118 2267 1159 2348; x_wconf 82' lang='grc' dir='ltr'>ἂν</span> <span class='ocrx_word' id='word_1_83' title='bbox 1188 2267 1304 2375; x_wconf 82' lang='grc' dir='ltr'>Χοίρων</span> 
     </span>
    </p>

    <p class='ocr_par' dir='ltr' id='par_1_6' title="bbox 557 2389 1485 2499">
     <span class='ocr_line' id='line_1_14' title="bbox 557 2389 1485 2499; baseline 0 -29"><span class='ocrx_word' id='word_1_84' title='bbox 557 2389 668 2499; x_wconf 75' lang='grc' dir='ltr'>ἔσχον,</span> <span class='ocrx_word' id='word_1_85' title='bbox 697 2398 767 2495; x_wconf 80' lang='grc' dir='ltr'>πρὶν</span> <span class='ocrx_word' id='word_1_86' title='bbox 796 2397 838 2484; x_wconf 85' lang='grc' dir='ltr'>εἰς</span> <span class='ocrx_word' id='word_1_87' title='bbox 865 2407 930 2495; x_wconf 79' lang='grc' dir='ltr'>φῶς</span> <span class='ocrx_word' id='word_1_88' title='bbox 957 2392 1013 2470; x_wconf 83' lang='grc' dir='ltr'>οόν</span> <span class='ocrx_word' id='word_1_89' title='bbox 1042 2405 1245 2478; x_wconf 79' lang='grc' dir='ltr'>καταστῆσαι</span> <span class='ocrx_word' id='word_1_90' title='bbox 1272 2398 1356 2499; x_wconf 81' lang='grc' dir='ltr'><strong>βίον,</strong></span> <span class='ocrx_word' id='word_1_91' title='bbox 1385 2401 1485 2470; x_wconf 87' lang='grc' dir='ltr'><strong>κ.τ.λ.</strong></span> 
     </span>
    </p>
   </div>
   <div class='ocr_carea' id='block_1_5' title="bbox 451 2589 1582 3667">
    <p class='ocr_par' dir='ltr' id='par_1_7' title="bbox 451 2589 1582 3667">
     <span class='ocr_line' id='line_1_15' title="bbox 453 2589 1581 2691; baseline -0.001 -27"><span class='ocrx_word' id='word_1_92' title='bbox 453 2592 514 2689; x_wconf 92' lang='lat' dir='ltr'>qui</span> <span class='ocrx_word' id='word_1_93' title='bbox 537 2591 641 2665; x_wconf 91' lang='lat' dir='ltr'>locus</span> <span class='ocrx_word' id='word_1_94' title='bbox 666 2592 796 2664; x_wconf 89' lang='lat' dir='ltr'>mirum</span> <span class='ocrx_word' id='word_1_95' title='bbox 821 2591 856 2664; x_wconf 91' lang='lat' dir='ltr'>in</span> <span class='ocrx_word' id='word_1_96' title='bbox 882 2591 1034 2665; x_wconf 91' lang='lat' dir='ltr'>modum</span> <span class='ocrx_word' id='word_1_97' title='bbox 1059 2617 1143 2665; x_wconf 90' lang='lat' dir='ltr'>cum</span> <span class='ocrx_word' id='word_1_98' title='bbox 1159 2591 1305 2691; x_wconf 88' lang='lat' dir='ltr'>Legum</span> <span class='ocrx_word' id='word_1_99' title='bbox 1319 2589 1415 2683; x_wconf 78' lang='lat' dir='ltr'>loco,</span> <span class='ocrx_word' id='word_1_100' title='bbox 1432 2591 1581 2688; x_wconf 89' lang='lat' dir='ltr'>qualem</span> 
     </span>
     <span class='ocr_line' id='line_1_16' title="bbox 452 2711 1581 2812; baseline 0.001 -26"><span class='ocrx_word' id='word_1_101' title='bbox 452 2714 603 2811; x_wconf 91' lang='lat' dir='ltr'>quidem</span> <span class='ocrx_word' id='word_1_102' title='bbox 644 2739 756 2811; x_wconf 90' lang='lat' dir='ltr'>supra</span> <span class='ocrx_word' id='word_1_103' title='bbox 797 2711 1007 2811; x_wconf 77' lang='lat' dir='ltr'>explanavi,</span> <span class='ocrx_word' id='word_1_104' title='bbox 1051 2740 1257 2812; x_wconf 85' lang='lat' dir='ltr'>congruere</span> <span class='ocrx_word' id='word_1_105' title='bbox 1299 2714 1386 2788; x_wconf 91' lang='lat' dir='ltr'>mihi</span> <span class='ocrx_word' id='word_1_106' title='bbox 1424 2715 1581 2804; x_wconf 82' lang='lat' dir='ltr'>videtur,</span> 
     </span>
     <span class='ocr_line' id='line_1_17' title="bbox 451 2833 1582 2939; baseline 0.002 -32"><span class='ocrx_word' id='word_1_107' title='bbox 451 2835 519 2908; x_wconf 90' lang='lat' dir='ltr'>nisi</span> <span class='ocrx_word' id='word_1_108' title='bbox 548 2834 642 2909; x_wconf 79' lang='lat' dir='ltr'>forte</span> <span class='ocrx_word' id='word_1_109' title='bbox 672 2835 818 2908; x_wconf 79' lang='lat' dir='ltr'>Weesn</span> <span class='ocrx_word' id='word_1_110' title='bbox 845 2861 892 2909; x_wconf 84' lang='lat' dir='ltr'>ex</span> <span class='ocrx_word' id='word_1_111' title='bbox 919 2861 977 2926; x_wconf 85' lang='lat' dir='ltr'>eo,</span> <span class='ocrx_word' id='word_1_112' title='bbox 1004 2837 1105 2933; x_wconf 92' lang='lat' dir='ltr'>quod</span> <span class='ocrx_word' id='word_1_113' title='bbox 1129 2837 1187 2911; x_wconf 90' lang='lat' dir='ltr'>hic</span> <span class='ocrx_word' id='word_1_114' title='bbox 1210 2833 1336 2939; x_wconf 81' lang='grc' dir='ltr'><strong>ὕμνοισι</strong></span> <span class='ocrx_word' id='word_1_115' title='bbox 1362 2836 1582 2910; x_wconf 91' lang='lat' dir='ltr'>delenivisse</span> 
     </span>
     <span class='ocr_line' id='line_1_18' title="bbox 453 2957 1581 3056; baseline -0.004 -22"><span class='ocrx_word' id='word_1_116' title='bbox 453 2958 625 3056; x_wconf 80' lang='grc' dir='ltr'>(κηλῆσαι)</span> <span class='ocrx_word' id='word_1_117' title='bbox 667 2958 760 3032; x_wconf 92' lang='lat' dir='ltr'>deos</span> <span class='ocrx_word' id='word_1_118' title='bbox 802 2957 937 3031; x_wconf 83' lang='lat' dir='ltr'>inferos</span> <span class='ocrx_word' id='word_1_119' title='bbox 975 2957 1104 3032; x_wconf 93' lang='lat' dir='ltr'>dicitur</span> <span class='ocrx_word' id='word_1_120' title='bbox 1142 2958 1329 3056; x_wconf 53' lang='lat' dir='ltr'>Orpheus</span> <span class='ocrx_word' id='word_1_121' title='bbox 1369 2959 1581 3033; x_wconf 60' lang='lat' dir='ltr'>Eumenen</span> 
     </span>
     <span class='ocr_line' id='line_1_19' title="bbox 453 3078 1582 3178; baseline 0.002 -26"><span class='ocrx_word' id='word_1_122' title='bbox 453 3078 596 3177; x_wconf 91' lang='lat' dir='ltr'>Orphei</span> <span class='ocrx_word' id='word_1_123' title='bbox 634 3080 792 3177; x_wconf 91' lang='lat' dir='ltr'>hymnos</span> <span class='ocrx_word' id='word_1_124' title='bbox 824 3081 1048 3178; x_wconf 87' lang='lat' dir='ltr'>cognovisse</span> <span class='ocrx_word' id='word_1_125' title='bbox 1076 3081 1197 3155; x_wconf 88' lang='lat' dir='ltr'>efficit.</span> <span class='ocrx_word' id='word_1_126' title='bbox 1230 3081 1316 3155; x_wconf 92' lang='lat' dir='ltr'>Hoc</span> <span class='ocrx_word' id='word_1_127' title='bbox 1343 3097 1470 3155; x_wconf 90' lang='lat' dir='ltr'>autem</span> <span class='ocrx_word' id='word_1_128' title='bbox 1498 3107 1582 3154; x_wconf 89' lang='lat' dir='ltr'>curn</span> 
     </span>
     <span class='ocr_line' id='line_1_20' title="bbox 454 3201 1582 3301; baseline 0 -26"><span class='ocrx_word' id='word_1_129' title='bbox 454 3227 528 3275; x_wconf 92' lang='lat' dir='ltr'>non</span> <span class='ocrx_word' id='word_1_130' title='bbox 552 3201 663 3276; x_wconf 86' lang='lat' dir='ltr'>faciat</span> <span class='ocrx_word' id='word_1_131' title='bbox 687 3202 844 3294; x_wconf 65' lang='lat' dir='ltr'>Wiener,</span> <span class='ocrx_word' id='word_1_132' title='bbox 870 3203 936 3276; x_wconf 91' lang='lat' dir='ltr'>sed</span> <span class='ocrx_word' id='word_1_133' title='bbox 960 3203 1009 3276; x_wconf 92' lang='lat' dir='ltr'>ad</span> <span class='ocrx_word' id='word_1_134' title='bbox 1032 3210 1216 3277; x_wconf 80' lang='lat' dir='ltr'>cantorem</span> <span class='ocrx_word' id='word_1_135' title='bbox 1238 3202 1432 3301; x_wconf 85' lang='lat' dir='ltr'>Orpheum</span> <span class='ocrx_word' id='word_1_136' title='bbox 1447 3203 1582 3277; x_wconf 83' lang='lat' dir='ltr'>referat</span> 
     </span>
     <span class='ocr_line' id='line_1_21' title="bbox 453 3320 1581 3425; baseline 0.003 -29"><span class='ocrx_word' id='word_1_137' title='bbox 453 3323 647 3398; x_wconf 82' lang='lat' dir='ltr'>Eunnrms</span> <span class='ocrx_word' id='word_1_138' title='bbox 673 3350 814 3416; x_wconf 88' lang='lat' dir='ltr'>versus,</span> <span class='ocrx_word' id='word_1_139' title='bbox 825 3320 852 3422; x_wconf 75' lang='lat'>²)</span> <span class='ocrx_word' id='word_1_140' title='bbox 881 3350 955 3398; x_wconf 90' lang='lat' dir='ltr'>non</span> <span class='ocrx_word' id='word_1_141' title='bbox 983 3325 1094 3399; x_wconf 91' lang='lat' dir='ltr'>video</span> <span class='ocrx_word' id='word_1_142' title='bbox 1122 3326 1185 3424; x_wconf 92' lang='lat' dir='ltr'>qui</span> <span class='ocrx_word' id='word_1_143' title='bbox 1214 3351 1311 3425; x_wconf 91' lang='lat' dir='ltr'>quae</span> <span class='ocrx_word' id='word_1_144' title='bbox 1335 3326 1382 3400; x_wconf 91' lang='lat' dir='ltr'>de</span> <span class='ocrx_word' id='word_1_145' title='bbox 1404 3326 1581 3400; x_wconf 71' lang='lat' dir='ltr'>Purrone</span> 
     </span>
     <span class='ocr_line' id='line_1_22' title="bbox 453 3446 993 3544; baseline 0.004 -24"><span class='ocrx_word' id='word_1_146' title='bbox 453 3446 606 3543; x_wconf 79' lang='lat' dir='ltr'>scripsit,</span> <span class='ocrx_word' id='word_1_147' title='bbox 635 3446 794 3520; x_wconf 91' lang='lat' dir='ltr'>scribere</span> <span class='ocrx_word' id='word_1_148' title='bbox 821 3447 993 3544; x_wconf 91' lang='lat' dir='ltr'>potuerit.</span> 
     </span>
     <span class='ocr_line' id='line_1_23' title="bbox 507 3567 1280 3667; baseline 0.003 -26"><span class='ocrx_word' id='word_1_149' title='bbox 507 3567 784 3642; x_wconf 89' lang='lat' dir='ltr'>Confirmantur</span> <span class='ocrx_word' id='word_1_150' title='bbox 812 3569 905 3642; x_wconf 88' lang='lat' dir='ltr'>haec</span> <span class='ocrx_word' id='word_1_151' title='bbox 935 3569 1037 3643; x_wconf 91' lang='lat' dir='ltr'>Med.</span> <span class='ocrx_word' id='word_1_152' title='bbox 1070 3592 1143 3665; x_wconf 84' lang='lat'>542</span> <span class='ocrx_word' id='word_1_153' title='bbox 1174 3596 1280 3667; x_wconf 90' lang='lat' dir='ltr'>sqq.:</span> 
     </span>
    </p>
   </div>
   <div class='ocr_carea' id='block_1_6' title="bbox 665 3766 1396 4118">
    <p class='ocr_par' dir='ltr' id='par_1_8' title="bbox 665 3766 1396 4118">
     <span class='ocr_line' id='line_1_24' title="bbox 667 3766 1371 3876; baseline 0.003 -30"><span class='ocrx_word' id='word_1_154' title='bbox 667 3777 713 3859; x_wconf 85' lang='grc' dir='ltr'>εἴη</span> <span class='ocrx_word' id='word_1_155' title='bbox 742 3767 775 3846; x_wconf 78' lang='grc' dir='ltr'>δ’</span> <span class='ocrx_word' id='word_1_156' title='bbox 804 3766 910 3873; x_wconf 80' lang='grc' dir='ltr'>ἔμοιγε</span> <span class='ocrx_word' id='word_1_157' title='bbox 938 3771 1021 3873; x_wconf 75' lang='grc' dir='ltr'>μήτε</span> <span class='ocrx_word' id='word_1_158' title='bbox 1047 3770 1169 3876; x_wconf 72' lang='grc' dir='ltr'>χρυσὸς</span> <span class='ocrx_word' id='word_1_159' title='bbox 1195 3771 1227 3846; x_wconf 88' lang='grc' dir='ltr'>ἐν</span> <span class='ocrx_word' id='word_1_160' title='bbox 1256 3770 1371 3873; x_wconf 79' lang='grc' dir='ltr'>δόμοις</span> 
     </span>
     <span class='ocr_line' id='line_1_25' title="bbox 665 3887 1396 3995; baseline 0.004 -29"><span class='ocrx_word' id='word_1_161' title='bbox 665 3889 748 3994; x_wconf 75' lang='grc' dir='ltr'>μήτ’</span> <span class='ocrx_word' id='word_1_162' title='bbox 779 3889 918 3995; x_wconf 78' lang='grc' dir='ltr'>Ὀρφέως</span> <span class='ocrx_word' id='word_1_163' title='bbox 946 3887 1081 3969; x_wconf 75' lang='grc' dir='ltr'>κάλλιον</span> <span class='ocrx_word' id='word_1_164' title='bbox 1108 3891 1253 3994; x_wconf 75' lang='grc' dir='ltr'>ὑμνῆσαι</span> <span class='ocrx_word' id='word_1_165' title='bbox 1282 3891 1396 3995; x_wconf 73' lang='grc' dir='ltr'>με’λος,</span> 
     </span>
     <span class='ocr_line' id='line_1_26' title="bbox 666 4009 1353 4118; baseline 0.001 -28"><span class='ocrx_word' id='word_1_166' title='bbox 666 4017 693 4090; x_wconf 80' lang='grc' dir='ltr'>εἰ</span> <span class='ocrx_word' id='word_1_167' title='bbox 717 4012 765 4116; x_wconf 76' lang='grc' dir='ltr'>μὴ</span> <span class='ocrx_word' id='word_1_168' title='bbox 797 4010 946 4115; x_wconf 83' lang='grc' dir='ltr'><strong>’πίσημος</strong></span> <span class='ocrx_word' id='word_1_169' title='bbox 974 4018 996 4098; x_wconf 79' lang='lat' dir='ltr'>n‘</span> <span class='ocrx_word' id='word_1_170' title='bbox 1020 4009 1106 4118; x_wconf 72' lang='grc' dir='ltr'>τύχη</span> <span class='ocrx_word' id='word_1_171' title='bbox 1133 4013 1255 4116; x_wconf 83' lang='grc' dir='ltr'>γε’νοιτό</span> <span class='ocrx_word' id='word_1_172' title='bbox 1283 4046 1353 4116; x_wconf 86' lang='grc' dir='ltr'>μοι.</span> 
     </span>
    </p>
   </div>
   <div class='ocr_carea' id='block_1_7' title="bbox 453 4210 1588 4434">
    <p class='ocr_par' dir='ltr' id='par_1_9' title="bbox 453 4210 1588 4434">
     <span class='ocr_line' id='line_1_27' title="bbox 508 4210 1586 4310; baseline 0.001 -25"><span class='ocrx_word' id='word_1_173' title='bbox 508 4213 618 4307; x_wconf 86' lang='lat' dir='ltr'>Quae</span> <span class='ocrx_word' id='word_1_174' title='bbox 637 4211 666 4284; x_wconf 91' lang='lat' dir='ltr'>si</span> <span class='ocrx_word' id='word_1_175' title='bbox 681 4212 918 4287; x_wconf 87' lang='lat' dir='ltr'>conseruntur</span> <span class='ocrx_word' id='word_1_176' title='bbox 932 4238 1015 4285; x_wconf 92' lang='lat' dir='ltr'>cum</span> <span class='ocrx_word' id='word_1_177' title='bbox 1031 4210 1110 4285; x_wconf 91' lang='lat' dir='ltr'>aliis</span> <span class='ocrx_word' id='word_1_178' title='bbox 1125 4212 1292 4287; x_wconf 91' lang='lat' dir='ltr'>eiusdem</span> <span class='ocrx_word' id='word_1_179' title='bbox 1307 4229 1372 4286; x_wconf 90' lang='lat' dir='ltr'>aut</span> <span class='ocrx_word' id='word_1_180' title='bbox 1386 4214 1586 4310; x_wconf 88' lang='lat' dir='ltr'>superioris</span> 
     </span>
     <span class='ocr_line' id='line_1_28' title="bbox 453 4332 1588 4434; baseline 0.002 -27"><span class='ocrx_word' id='word_1_181' title='bbox 453 4334 587 4408; x_wconf 87' lang='lat' dir='ltr'>aetatis</span> <span class='ocrx_word' id='word_1_182' title='bbox 614 4350 810 4431; x_wconf 89' lang='lat' dir='ltr'>poetarum</span> <span class='ocrx_word' id='word_1_183' title='bbox 838 4332 938 4424; x_wconf 87' lang='lat' dir='ltr'>locis,</span> <span class='ocrx_word' id='word_1_184' title='bbox 969 4333 1102 4432; x_wconf 91' lang='lat' dir='ltr'>quibus</span> <span class='ocrx_word' id='word_1_185' title='bbox 1130 4335 1260 4410; x_wconf 90' lang='lat' dir='ltr'>iisdem</span> <span class='ocrx_word' id='word_1_186' title='bbox 1289 4335 1432 4434; x_wconf 92' lang='lat' dir='ltr'>Orphei</span> <span class='ocrx_word' id='word_1_187' title='bbox 1455 4344 1588 4410; x_wconf 84' lang='lat' dir='ltr'>cantus</span> 
     </span>
    </p>
   </div>
   <div class='ocr_carea' id='block_1_8' title="bbox 501 4621 1359 4775">
    <p class='ocr_par' dir='ltr' id='par_1_10' title="bbox 501 4621 1359 4775">
     <span class='ocr_line' id='line_1_29' title="bbox 503 4621 1359 4689; baseline 0.001 -18"><span class='ocrx_word' id='word_1_188' title='bbox 503 4621 528 4687; x_wconf 91' lang='lat'>1)</span> <span class='ocrx_word' id='word_1_189' title='bbox 547 4623 587 4672; x_wconf 81' lang='lat' dir='ltr'>Cf.</span> <span class='ocrx_word' id='word_1_190' title='bbox 606 4623 688 4689; x_wconf 70' lang='lat' dir='ltr'>Pan,</span> <span class='ocrx_word' id='word_1_191' title='bbox 707 4623 835 4673; x_wconf 76' lang='lat' dir='ltr'>Worterb.</span> <span class='ocrx_word' id='word_1_192' title='bbox 855 4623 880 4672; x_wconf 91' lang='lat' dir='ltr'>d.</span> <span class='ocrx_word' id='word_1_193' title='bbox 900 4622 1005 4672; x_wconf 85' lang='lat' dir='ltr'>Griech.</span> <span class='ocrx_word' id='word_1_194' title='bbox 1023 4621 1135 4685; x_wconf 83' lang='lat' dir='ltr'>Eigenn.</span> <span class='ocrx_word' id='word_1_195' title='bbox 1156 4622 1173 4672; x_wconf 89' lang='lat' dir='ltr'>i.</span> <span class='ocrx_word' id='word_1_196' title='bbox 1183 4637 1209 4671; x_wconf 88' lang='lat' dir='ltr'>v.</span> <span class='ocrx_word' id='word_1_197' title='bbox 1228 4621 1359 4687; x_wconf 87' lang='lat' dir='ltr'>Orpheus.</span> 
     </span>
     <span class='ocr_line' id='line_1_30' title="bbox 501 4710 741 4775; baseline -0.008 -15"><span class='ocrx_word' id='word_1_198' title='bbox 501 4710 529 4774; x_wconf 86' lang='lat'>2)</span> <span class='ocrx_word' id='word_1_199' title='bbox 547 4711 599 4761; x_wconf 90' lang='lat' dir='ltr'>o.l.</span> <span class='ocrx_word' id='word_1_200' title='bbox 620 4725 679 4775; x_wconf 80' lang='lat' dir='ltr'>pag.</span> <span class='ocrx_word' id='word_1_201' title='bbox 699 4723 741 4772; x_wconf 85' lang='lat'>41.</span> 
     </span>
    </p>
   </div>
   <div class='ocr_carea' id='block_1_9' title="bbox 0 0 1854 5572">
    <p class='ocr_par' dir='ltr' id='par_1_11' title="bbox 0 0 1854 5572">
     <span class='ocr_line' id='line_1_31' title="bbox 0 0 1854 5572; baseline 0 0"><span class='ocrx_word' id='word_1_202' title='bbox 0 0 1854 5572; x_wconf 95' lang='lat' dir='ltr'> </span> 
     </span>
    </p>
   </div>
  </div>
 </body>
</html>
