3698 5574
733 1339 1013 1415 THESES.

859 1778 886 1851 1.

360 1989 500 2086 Hymni
529 1991 682 2090 Orphici
710 1993 739 2066 si
768 1994 831 2090 qui
859 1993 1048 2068 Psssoms
1075 2010 1200 2069 aetate
1230 2009 1336 2068 erant
1357 1995 1437 2068 'noti

305 2126 342 2184 et
366 2112 415 2185 ad
440 2113 635 2212 Orpheum
659 2115 987 2191 referebantur-
1011 2117 1048 2190 id
1072 2118 1173 2214 quod
1193 2117 1345 2190 omnino
1361 2142 1436 2190 non

305 2251 452 2309 constat
470 2281 534 2329 —‚
553 2253 651 2311 certe
667 2265 741 2312 non
756 2255 971 2336 spectantur
986 2240 1149 2314 Pmoi.
1168 2240 1288 2338 Legg.
1307 2243 1382 2332 829
1398 2241 1435 2312 D

303 2382 386 2454 sqq.
416 2361 540 2434 verbis
569 2385 665 2458 quae
693 2377 798 2435 sunt:
826 2357 908 2466 μηδ’
936 2361 976 2440 ἂν
1004 2366 1106 2448 ἡδίων
1135 2355 1156 2466 ᾖ
1183 2379 1245 2440 τὼν
1276 2358 1435 2466 Θαμύρου

300 2511 332 2556 τε
360 2487 417 2557 καὶ
447 2480 598 2586 Ὀρφείων
627 2480 751 2588 ὕμνων.

847 2730 893 2805 ΙΙ.

356 2940 520 3014 pinos.
554 2940 725 3040 Sympos.
762 2945 886 3037 179'D
916 2970 984 3018 nec
1011 2943 1175 3042 vulgaris
1204 2946 1250 3018 de
1280 2944 1435 3043 Orpheo

302 3061 450 3136 fabulae
478 3061 609 3154 forma,
639 3089 706 3137 nec
735 3065 847 3162 ipsius
878 3066 1064 3139 Pmoms
1092 3066 1276 3139 sententia
1299 3067 1435 3164 scripta

302 3184 446 3283 legitur.

767 3400 770 3406 ’
834 3402 900 3477 ΙΙΙ.

353 3615 519 3689 pinos.
542 3615 638 3689 Tim.
656 3641 707 3709 40
723 3617 759 3689 D
775 3643 857 3714 sqq.
875 3617 933 3714 (cf.
950 3642 1073 3715 supra,
1091 3644 1178 3717 pag.
1201 3623 1287 3716 178)
1304 3635 1432 3694 contra

300 3735 581 3812 WILLMANNUM
606 3737 758 3834 (Gesch.
794 3739 861 3812 des
893 3739 1004 3814 Ideal.
1031 3740 1058 3814 1.
1087 3766 1203 3840 pagg.
1229 3765 1304 3837 413
1331 3745 1430 3840 sqq.)

298 3885 365 3956 per
391 3861 546 3934 ironiam
576 3876 632 3934 est
659 3861 968 3959 interpretandus.

830 4106 894 4180 IV.

351 4319 517 4392 PLATON.
534 4318 630 4392 Tim.
649 4341 700 4410 40
716 4319 753 4391 D
768 4345 850 4416 sqq.
866 4319 990 4393 verbis
1004 4331 1069 4412 τοῖς
1083 4323 1241 4428 εἰρηκόσιν
1256 4323 1429 4431 ἔμπροσθεν

298 4467 366 4514 nec
404 4440 578 4538 Orpheus
615 4440 842 4539 significatur
879 4467 947 4515 nec
985 4441 1149 4540 Orphici‚
1178 4445 1246 4518 sed
1278 4448 1429 4520 omnino

296 4561 506 4661 vulgarium
535 4563 822 4661 theogoniarum
850 4575 1006 4661 positae:
1039 4565 1228 4640 Hesiodus
1252 4569 1429 4666 imprimis

297 4700 336 4760 et
365 4685 564 4759 Homerus.

1286 4841 1317 4891 14
1457 4815 1462 4822 ’
