3698 5574
832 615 903 684 199

353 790 465 885 Quae
500 816 584 865 cum
621 790 672 865 ita
708 789 791 883 siut,
830 791 918 889 quid
955 806 1024 881 est,
1062 816 1126 865 cur
1157 790 1206 864 ad
1235 791 1429 888 Orpheum

298 913 501 987 referamus
523 912 657 1004 locum,
683 914 731 987 de
756 912 927 988 Hesiodo
942 958 994 968 -
1009 911 1220 988 Senusrnnr
1234 914 1332 986 enim
1348 927 1431 988 utar

298 1035 421 1108 verbis
431 1033 459 1132 1)
473 1079 525 1091 -
540 1061 587 1110 ne
597 1037 775 1134 imprimis
786 1037 937 1134 quidem
947 1035 1188 1136 cogitandum
1199 1061 1282 1111 esse
1293 1051 1430 1110 statua·

299 1159 402 1232 mus?
439 1157 633 1256 Orpheum
670 1157 866 1257 significari
901 1185 949 1232 ne
982 1174 1168 1255 putemus,
1198 1157 1315 1233 multa
1340 1159 1429 1232 vidi·

298 1306 380 1353 mus
416 1281 586 1355 obstare:
620 1279 787 1380 vulgaris
813 1297 940 1355 autem
968 1280 1196 1380 theogoniae
1224 1291 1362 1378 poetae
1390 1295 1430 1355 ut

298 1418 522 1500 spectentur,
548 1447 599 1458 -
626 1404 835 1478 Hesiodum
860 1405 1037 1502 imprimis
1056 1405 1138 1478 dico
1153 1421 1192 1480 et
1207 1405 1429 1496 Homerum,

299 1525 347 1599 de
376 1525 509 1623 quibus
530 1526 696 1624 cogitare
720 1524 837 1601 multo
862 1527 983 1625 magis
1005 1543 1062 1601 est
1077 1528 1112 1600 in
1128 1545 1303 1626 promptu
1318 1552 1431 1626 quam

300 1647 348 1721 de
377 1647 533 1746 Orpheo
561 1692 624 1740 -,
653 1675 718 1724 cur
745 1648 822 1723 fieri
851 1674 923 1723 non
953 1649 1092 1747 possit?

352 1769 507 1868 Ecquae
521 1771 571 1844 ita
587 1787 741 1846 manent
754 1772 923 1864 obscura,
936 1796 1078 1870 ecquae
1088 1773 1278 1871 ambigua,
1289 1797 1432 1870 ecquae

298 1892 392 1967 inter
419 1919 461 1968 se
488 1895 715 1992 pugnantia?

352 2014 473 2089 Immo
501 2016 571 2089 hac
598 2017 741 2090 ratione
765 2016 1049 2115 explicationem
1073 2017 1186 2092 habet
1209 2018 1323 2092 etiam
1337 1995 1443 2092 haec

299 2138 481 2235 quaestio,
500 2165 564 2213 cur
578 2140 788 2214 universam
803 2140 899 2214 hanc
914 2155 1059 2237 partem
1073 2141 1265 2214 inseruerit
1280 2140 1428 2214 Pcnro:

299 2261 402 2334 cuius
425 2262 540 2358 partis
563 2263 747 2337 sententia
769 2263 841 2337 huc
863 2263 1010 2336 videtur
1033 2263 1171 2336 redire:
1188 2262 1367 2336 hactenus
1382 2264 1429 2338 de

299 2383 426 2457 mundi
463 2384 606 2484 origine
641 2401 680 2458 et
707 2385 756 2458 de
784 2385 851 2458 diis
880 2383 1102 2459 caelestibus
1128 2410 1275 2458 summo
1303 2384 1432 2460 labore

300 2504 591 2602 disputavimus:
630 2532 700 2581 vos
737 2506 900 2605 quidem,
936 2506 1113 2605 vulgares
1140 2517 1289 2605 poetae,
1318 2505 1432 2606 longe

347 2719 399 2770 Hic
418 2735 524 2786 quoque
542 2727 571 2770 ut
590 2721 660 2786 apud
676 2721 824 2772 Hustonuu
841 2721 932 2772 Musae
946 2737 1005 2771 cum
1016 2722 1141 2786 Apolline
1150 2721 1301 2787 iunguntur.
1312 2721 1433 2771 Ceterum

303 2807 374 2872 quod
391 2806 423 2857 de
442 2807 564 2857 omuibus
581 2801 673 2861 tortore
691 2807 786 2857 dicitur
804 2807 845 2858 his
863 2808 990 2874 versibus,
1007 2806 1041 2858 ad
1056 2823 1137 2857 unum
1153 2807 1288 2872 Orpheum
1303 2807 1434 2857 transferri

301 2891 404 2942 ridetur
422 2909 437 2942 a
455 2892 590 2960 Prnnsao,
608 2893 684 2958 Pyth.
700 2894 747 2960 lv,
766 2894 815 2956 176
831 2891 884 2960 (ed.
900 2894 1067 2944 scutorum
1078 2893 1278 2960 [BrucmPoer.
1289 2893 1393 2959 Lycll,
1407 2892 1431 2959 1]

300 2995 361 3044 1³⁸3·
381 2991 452 3043 213:

433 2979 444 3046 )
540 3078 568 3146 ἐξ
585 3081 743 3138 Ἀπόλλωνος
760 3078 787 3130 dl
806 3081 967 3144 Φαρμιγκτᾶς
984 3077 1070 3130 ἀοιδᾶν
1087 3077 1170 3142 πατήρ

540 3160 638 3224 taum,
654 3161 781 3221 εὐκίνητος
799 3160 912 3225 Ὀρφεύς,

300 3277 373 3328 cuius
393 3277 445 3328 loci
465 3277 558 3328 similis
577 3285 616 3328 est
634 3279 700 3328 ratio
719 3287 797 3344 atque
817 3279 934 3328 Hrsronr
952 3285 978 3328 et
998 3278 1121 3327 Honsnr.
1141 3278 1237 3343 Utique
1255 3278 1347 3327 horum
1365 3276 1435 3327 loco

301 3381 357 3415 rum
381 3365 468 3415 nullus
493 3365 527 3415 ad
551 3365 664 3415 litteram
689 3366 792 3415 videtur
816 3366 1027 3430 interpretandus
1053 3381 1122 3432 esse3
1148 3365 1237 3430 itaque
1255 3366 1310 3414 iure
1328 3364 1436 3414 fortasse

300 3451 429 3502 scholium
454 3451 585 3517 quoddam
609 3453 643 3502 ad
665 3453 784 3502 Putnnm
801 3452 887 3502 locum
906 3450 1097 3518 (Autronius):
1116 3447 1197 3512 flexu
1216 3443 1257 3498 uir
1276 3447 1304 3498 in
1321 3450 1378 3506 Διὸς
1395 3446 1438 3497 tf-

299 3552 388 3599 γονσιν
406 3531 466 3585 rim
484 3536 545 3593 τοὺς
562 3533 686 3598 βασιλέως
702 3534 752 3598 οὐχ
770 3535 809 3585 dri
826 3537 893 3598 γένυι
911 3534 962 3584 atet
977 3538 1023 3584 roll
1038 3537 1102 3596 Διός,
1117 3534 1178 3585 ἄλλ’
1193 3534 1232 3585 lira
1248 3536 1279 3585 τὸ
1294 3534 1438 3597 βασιλεύειν

302 3615 330 3668 ix
347 3619 405 3676 Διδς
420 3616 533 3682 fxuuerv,
551 3617 631 3676 odrae
646 3617 673 3683 ἒξ
689 3619 847 3676 Ἀπόλλωνος
859 3617 996 3681 Φορμικτὴν
1010 3615 1086 3666 αὐτὸν
1101 3613 1176 3676 rin-rr,
1191 3621 1277 3670 miuus
1287 3629 1355 3670 recte
1366 3620 1438 3670 aliud

304 3708 445 3759 scholium:
471 3705 629 3763 Ἀπόλλωνος
652 3706 696 3755 τὸν
719 3705 812 3768 Ὀρφέα
833 3705 908 3768 φησὶν
930 3701 1001 3766 εἶναι,
1022 3703 1048 3754 ὃν
1071 3705 1114 3754 utri
1132 3701 1211 3762 adria
1229 3703 1242 3753 ὃ
1259 3701 1379 3766 Πίνδαρος
1396 3703 1439 3754 καὶ
1547 3745 1548 3750 ,

304 3791 378 3842 tiano
400 3790 510 3856 olbypov
534 3790 652 3855 Λέγουσιν
676 3795 799 3862 [Gaurus
824 3795 894 3860 apud
919 3795 1049 3845 Roscncn
1071 3795 1123 3844 i.v.
1143 3794 1264 3860 Orpheus
1283 3795 1333 3844 col.
1356 3805 1436 3862 ¹⁰743

305 3883 338 3934 cf.
364 3890 497 3949 praeterea
522 3882 735 3932 Gnnnusnstws
758 3881 790 3932 ad
815 3882 931 3932 Pntnnx.
957 3881 1032 3946 Pyth.
1055 3881 1101 3947 IV,
1123 3880 1187 3944 176:
1205 3877 1249 3945 „it
1268 3879 1438 3936 ’Arftmoer

305 3970 427 4037 Orpheus
445 3970 468 4020 is
487 3969 530 4019 the
549 3985 597 4019 son
616 3969 647 4018 of
662 3969 773 4034 Oiagros
792 3967 835 4036 (fr.
854 3969 887 4018 X.
907 3967 932 4034 8,
954 3967 1006 4034 10);
1025 3967 1108 4018 hence
1127 3961 1155 4029 ἒξ
1173 3963 1211 4014 Ἀ.
1229 3983 1288 4032 may
1307 3968 1340 4017 be
1360 3967 1438 4018 taken

304 4075 332 4109 as
350 4057 418 4108 ‘seut
442 4055 495 4122 by)
519 4055 559 4108 Cf.
580 4056 643 4107 Hes.
662 4056 763 4120 Theog.
783 4055 864 4123 94”.].
883 4055 938 4106 Nec
957 4061 1044 4105 tamen
1061 4054 1125 4104 haec
1144 4062 1248 4105 nostrae
1266 4054 1367 4104 Timaei
1384 4055 1437 4104 loci

303 4145 511 4211 interpretationi
524 4146 643 4195 obstant:
654 4159 819 4209 quocumque
829 4143 908 4194 modo
918 4143 1081 4208 accipiuntur
1091 4141 1155 4192 tales
1164 4141 1319 4207 locutiones,
1330 4142 1436 4192 deorum

305 4232 457 4298 progeniem
472 4239 542 4282 certe
557 4247 585 4281 se
601 4231 691 4282 dicunt
706 4231 734 4280 hi
751 4237 860 4296 poetae:
873 4240 899 4281 at
907 4231 957 4281 hoc
966 4230 1052 4296 ipsum
1062 4246 1094 4280 ex
1104 4230 1207 4279 Turnat
1217 4229 1304 4279 verbis
1313 4237 1437 4296 apparet;

305 4320 372 4370 nihil
396 4319 522 4385 amplius:
547 4334 596 4369 uec
620 4319 675 4368 ulla
699 4325 738 4368 est
759 4332 845 4384 causa,
862 4333 907 4367 cnr
925 4317 984 4368 illos
1003 4317 1071 4366 Tim.
1089 4318 1160 4379 40D
1178 4323 1295 4367 suctores
1314 4315 1385 4366 aliud
1404 4316 1436 4366 si·

303 4405 439 4474 guificasse
464 4411 605 4455 statuamus
626 4405 732 4454 nomine
750 4403 797 4454 illo
817 4400 873 4451 frus
895 4399 999 4464 ἵκγονοι,
1019 4404 1092 4469 quod
1110 4404 1161 4453 sibi
1180 4403 1340 4468 indiderunt,
1357 4409 1436 4469 atque

305 4494 344 4543 ris
368 4500 407 4543 est
432 4491 522 4542 talium
546 4491 680 4542 nominum
704 4491 737 4540 iis
759 4491 826 4542 locis
850 4507 918 4557 quos
938 4491 1085 4542 attulimus:
1104 4507 1158 4540 non
1177 4489 1240 4557 quid
1260 4498 1354 4541 sonent
1372 4490 1436 4540 haec

304 4580 411 4631 nomina
426 4578 517 4629 refert:
534 4578 621 4644 refert,
633 4578 704 4628 hisce
719 4578 871 4628 nominibus
884 4585 964 4630 semet
974 4578 1046 4644 ipsos
1056 4577 1230 4628 nominavisse
1240 4577 1301 4627 illos
1311 4585 1436 4629 auctores.

350 4665 377 4734 r)
395 4665 437 4718 Cf.
456 4667 538 4718 xum
557 4666 610 4717 o.l.
631 4681 690 4732 pag.
708 4677 752 4730 42.
