3698 5574
799 668 865 740 ¹5¹

267 835 404 912 scilicet
439 839 645 914 communis
673 857 754 916 erat
780 839 882 940 vulgi
914 841 1052 933 sabula,
1077 840 1271 938 unicuique
1295 855 1398 929 nota,

266 958 476 1034 dulcissima
504 961 614 1036 luisse
643 989 741 1060 quae
770 965 819 1037 ad
842 964 1023 1040 citharam
1047 977 1199 1038 caneret
1223 961 1399 1060 Orpheus

265 1083 451 1156 carmina:
489 1083 617 1182 itaque
653 1087 702 1159 ad
740 1087 835 1160 hanc
871 1084 999 1184 populi
1036 1083 1201 1161 fabulam
1229 1083 1399 1157 alludens

265 1229 335 1300 pro
362 1205 535 1278 carmina
562 1233 674 1303 quam
698 1209 916 1282 dulcissima
941 1209 1028 1283 dicit
1040 1209 1213 1282 carmina
1227 1206 1398 1280 dulciora

264 1327 320 1399 eis
345 1353 439 1423 quae
460 1327 677 1401 dulcissima
694 1328 822 1426 fuisse
837 1335 1056 1427 seruntur:
1088 1329 1300 1427 Thamyrae
1327 1327 1399 1400 Or·

259 1447 422 1546 pluique
447 1449 632 1524 carmina.

320 1570 377 1644 lta
414 1586 540 1644 autem
577 1571 700 1646 locum
738 1599 821 1648 esse
858 1573 1130 1672 explicandum,
1161 1573 1306 1646 duabus
1334 1596 1397 1668 po·

263 1693 447 1766 tissimum
471 1692 550 1768 aliis
573 1694 685 1768 rebus
707 1695 918 1770 confirmari
941 1696 1029 1769 mihi
1053 1695 1217 1769 videtur:
1241 1718 1399 1791 quarum

264 1829 325 1888 est
362 1815 473 1913 prior,
502 1816 604 1912 quod
633 1816 814 1890 eiusmodi
842 1818 1021 1891 adhibere
1049 1816 1350 1914 comparationes
1378 1840 1399 1888 e

265 1935 371 2036 vulgi
399 1938 670 2012 narrationibus
698 1939 953 2036 depromptae,
983 1939 1134 2013 omnino
1162 1964 1237 2013 non
1266 1938 1418 2012 abhor··

267 2073 325 2134 ret
362 2085 385 2132 a
418 2059 607 2133 Punroms
635 2060 799 2135 ratione:
829 2062 1041 2135 testimonio
1070 2077 1127 2134 est
1154 2059 1258 2134 locus
1286 2084 1399 2156 quem

267 2181 369 2278 prius
404 2182 478 2254 iam
516 2178 678 2273 laudavi,
690 2179 716 2280 ¹)
755 2182 894 2280 Cratyl.
911 2205 987 2278 403
1005 2182 1042 2255 D
1071 2208 1175 2280 sqq.:
1206 2177 1266 2260 Διά
1295 2190 1400 2258 ταῦτα

267 2299 335 2406 ἄρα
362 2317 484 2406 φῶμεν,
512 2293 536 2380 ὦ
560 2301 763 2408 Ἑρμόγενες,
787 2302 953 2383 odilina
975 2308 1067 2410 δεῦρο
1091 2309 1238 2390 ἐθελῆσαι
1254 2302 1400 2380 ἀπελθεῖν

268 2441 332 2502 τῶν
362 2429 491 2530 ἐκεῖθεν,
519 2423 621 2504 οὐδὲ
649 2423 788 2520 αὐτὰς
814 2422 891 2519 τὰς
919 2433 1150 2526 Σείρηνας,
1180 2419 1269 2503 atti
1298 2456 1399 2502 κατα·

274 2554 474 2638 κεκηλῇσθαι
507 2551 682 2640 ἐκείνας
712 2581 753 2626 τε
781 2547 984 2641 καὶτοὺς
1013 2544 1180 2640 ἄλλους
1207 2545 1396 2638 πάντας·

266 2665 348 2748 οὕτω
387 2666 510 2763 καλούς
544 2702 649 2764 τινας,
689 2675 731 2764 ὡς
768 2668 879 2762 ἔοικεν,
918 2673 1081 2749 ἐπίσταται
1109 2670 1225 2773 λόγους
1253 2670 1355 2772 λέγειν
1384 2676 1403 2746 o‘

264 2789 392 2894 Ἅιδης,
420 2799 520 2869 κ.τ.λ.

322 2913 376 2988 Ut
403 2914 438 2987 in
469 2913 646 3014 Legibus,
675 2915 727 2989 sic
755 2916 827 2989 hoc
854 2939 1007 3012 quoque
1034 2912 1118 2988 loco
1147 2914 1195 2987 ad
1223 2911 1326 3012 vulgi
1350 2913 1400 2986 s·

267 3034 376 3110 bulas
412 3052 558 3134 spectat
596 3033 782 3134 PunTo;¹)
810 3053 851 3110 ut
878 3053 1005 3111 autem
1033 3037 1091 3109 hic
1118 3036 1400 3134 comparatione

269 3185 290 3232 e
327 3159 463 3256 mythis
499 3175 649 3256 sumpta
686 3159 878 3250 indicatur,
916 3184 1030 3257 quam
1058 3157 1173 3257 longe
1201 3183 1224 3230 a
1251 3155 1400 3255 reliquis

267 3281 405 3356 distent
433 3280 593 3372 Sirenes,
623 3283 674 3355 sic
702 3283 738 3355 in
768 3282 933 3380 Legibus
961 3280 1250 3380 comparationis
1276 3279 1334 3354 vis
1361 3281 1397 3354 in

266 3429 313 3478 eo
328 3403 561 3501 potissimum
576 3421 634 3478 est
649 3405 782 3502 posita,
798 3405 900 3502 quod
912 3420 1144 3503 quantopere
1156 3402 1399 3476 Onnuuonuu

267 3543 397 3599 cantus
412 3524 607 3624 vulgarem
624 3525 835 3602 mortalium
850 3542 1000 3600 cantum
1016 3526 1253 3616 antecedant,
1270 3539 1399 3622 aperte

267 3645 451 3720 declarat:
482 3673 569 3723 nam
595 3649 663 3722 nisi
685 3674 799 3746 quam
824 3649 985 3722 maxime
1009 3647 1180 3745 quemvis
1195 3646 1399 3720 humanum

269 3771 457 3842 Punroms
476 3770 613 3844 aetatis
634 3785 783 3844 cantum
804 3786 1036 3868 superarent,
1050 3769 1112 3843 vix
1127 3767 1202 3842 ulla
1217 3767 1401 3841 sententia

314 4094 341 4162 t)
359 4094 427 4144 Vide
446 4109 533 4159 supra,
552 4107 612 4158 pag.
634 4102 692 4154 103.

310 4180 338 4248 2)
357 4180 398 4230 Cf.
424 4195 491 4246 quse
516 4195 594 4244 supra
612 4177 685 4245 (pag.
708 4187 756 4240 103
775 4176 836 4226 adn.
859 4175 884 4243 1)
903 4191 935 4225 ex
954 4175 1102 4225 Wntcml
1121 4189 1200 4239 opere
1218 4173 1302 4224 attuli.
1321 4173 1400 4223 Haud

264 4283 326 4318 vero
342 4267 395 4316 scio
411 4283 444 4316 an
462 4266 540 4316 nimis
556 4281 588 4315 ex
604 4265 740 4314 Pmoun
755 4262 843 4312 verbis
859 4262 952 4311 efficiat
968 4261 999 4326 is,
1015 4259 1051 4310 ita
1067 4259 1184 4310 scribens
1193 4259 1230 4326 (o.
1240 4259 1257 4310 1.
1275 4273 1335 4325 pag.
1346 4257 1399 4324 51):

265 4354 364 4419 ¹,Wozu
388 4353 435 4403 das
459 4351 658 4403 ausdruckliche
683 4350 811 4414 Betoueu,
836 4349 895 4398 dass
919 4348 1002 4398 selbst
1027 4346 1070 4396 die
1088 4347 1196 4397 Sirenen
1215 4345 1288 4396 nicht
1307 4345 1403 4395 wieder

265 4457 311 4492 aus
336 4441 395 4490 dem
420 4440 510 4491 Hades
534 4439 581 4489 auf
601 4438 644 4488 die
668 4435 737 4486 Erde
762 4435 955 4485 zuruckkehren
978 4433 1110 4498 mbchten,
1135 4449 1211 4482 wenn
1230 4432 1311 4482 demit
1328 4431 1401 4481 nicht

265 4544 349 4594 gegen
375 4528 435 4577 eine
460 4524 646 4577 abweichende
665 4523 845 4587 Auschauung
864 4521 1034 4587 polemisiert,
1051 4519 1123 4570 diese
1141 4520 1268 4585 geliutert
1286 4518 1340 4568 und
1358 4533 1401 4582 ge·

266 4615 333 4664 klnrt
352 4615 455 4665 werden
474 4613 568 4664 sollte?
587 4613 641 4662 Der
659 4609 810 4674 bektmpste
827 4609 949 4659 Glnuben
967 4608 1033 4658 hielt
1052 4607 1107 4657 also
1126 4623 1166 4656 am
1186 4605 1339 4656 Aufenthalt
1358 4605 1405 4655 der

269 4701 377 4752 Sireneu
403 4703 430 4752 in
454 4701 500 4752 der
519 4698 671 4765 Unterwelt,
692 4697 741 4746 wie
760 4711 794 4746 nn
813 4695 883 4746 ihrer
901 4693 1144 4761 gespensterbasten
1163 4691 1312 4760 Epiphanie
1329 4691 1405 4742 lest.”
