3698 5574
960 624 1031 692 144

426 800 690 873 Reverane
745 797 834 869 hoc
886 795 996 869 loco
1053 794 1300 893 Orpheum
1354 795 1556 891 hymnos

427 916 1556 1017 lecissesignisicatPnarolitterismandatos‚

426 1060 472 1118 et
509 1069 558 1116 se
595 1068 741 1116 nosse
779 1042 865 1114 hos
904 1040 1195 1139 profitetur?

475 1163 569 1238 Sunt
607 1163 668 1261 qui
707 1163 883 1237 dixerint:
921 1178 961 1236 ut
998 1162 1045 1234 de
1074 1161 1331 1234 Trannuauno
1341 1156 1367 1256 ¹)
1396 1176 1555 1249 taceam,

423 1286 688 1363 recentioribus
702 1284 932 1382 temporibus
943 1283 1088 1356 Wnnnn
1101 1283 1207 1356 huius
1218 1282 1400 1380 opinionis
1410 1283 1557 1355 adiutor

421 1425 625 1506 auctorque
652 1407 800 1481 exstitit.
816 1401 854 1503 ²).

477 1530 570 1604 Mihi
598 1529 721 1626 potius
750 1528 924 1602 convenit
945 1553 1029 1601 cum
1052 1526 1255 1618 nonnemo,
1279 1527 1342 1624 qui
1358 1525 1550 1625 Aglaoph.

422 1677 536 1750 pagg.
583 1655 657 1746 389
682 1675 764 1746 sqq.
807 1650 878 1722 hoc
921 1648 1034 1722 modo
1074 1648 1228 1722 iudicat:
1278 1649 1552 1741 „..h0mines

422 1775 590 1848 literatos
625 1771 761 1870 legisse
797 1771 935 1868 aliquid
973 1771 1021 1844 de
1055 1771 1127 1844 hoc
1161 1796 1301 1869 genere
1338 1772 1553 1860 carminum,

423 1895 524 1970 nullo
551 1894 684 1968 indicio
712 1909 828 1991 patet.
860 1891 1116 1966 Platonem
1146 1893 1340 1990 quidem
1368 1894 1554 1967 frustra

421 2033 708 2092 antestatur
753 2016 1132 2089 Tiedemannus.
1179 2014 1295 2088 Nam
1338 2016 1466 2113 quod
1508 2017 1551 2088 in

423 2142 572 2238 Legg.
612 2138 741 2212 Vlll.
784 2133 960 2234 849³)E.
1000 2152 1140 2210 vetat
1170 2139 1227 2239 μή
1257 2169 1357 2214 τινα
1384 2145 1551 2241 τολμᾷν

465 2445 563 2495 Eadem
582 2451 620 2494 est
638 2445 703 2494 ratio
722 2444 794 2494 vocis
813 2459 880 2509 quae
898 2451 938 2494 est
956 2443 1069 2504 Γοργειοι
1087 2444 1163 2492 Honr.
1181 2442 1231 2494 Od.
1251 2444 1282 2506 L,
1300 2443 1367 2505 634:

659 2571 695 2634 μή
712 2591 754 2634 μοι
772 2575 886 2636 Γοργείην
904 2573 1014 2636 κεφαλὴν
1031 2570 1119 2624 δεινοῖο
1135 2571 1245 2633 xantipae

659 2656 695 2720 ἐξ
713 2654 800 2705 ‘auru
816 2653 938 2716 πέμψειεν
954 2654 1039 2718 ἀγανοὶ
1057 2655 1230 2719 Περοεῴονείε,

419 2777 448 2829 ci
471 2775 547 2827 iliad.
565 2774 597 2841 E,
616 2787 675 2837 74¹·

465 2911 586 2961 Ceterum
603 2907 747 2958 notandum
766 2907 1003 2972 est‚Loancx1uu,
1020 2907 1150 2972 Aglaopb.
1166 2909 1179 2957 1
1195 2923 1222 2972 p.
1239 2919 1289 2971 390
1306 2907 1428 2958 exhibere
1444 2908 1551 2973 Ὀρφέος

421 3013 468 3064 pro
495 2991 612 3055 ὀοφείοον
637 2995 772 3043 Passurus
790 2994 872 3059 Legg.
891 2993 958 3043 loco.

467 3083 493 3151 1)
513 3083 553 3133 Cf.
572 3083 694 3146 Mueck,
714 3080 845 3146 Aglaoph.
865 3080 877 3128 1
896 3096 923 3144 p.
943 3078 1004 3144 389.

465 3172 493 3239 ε)
511 3171 563 3220 o.l.
589 3185 649 3235 pag.
675 3179 722 3231 34:
749 3167 815 3230 „Die
841 3166 964 3231 Hymnen
989 3167 1035 3216 des
1057 3167 1089 3219 Ο.
1108 3169 1170 3217 aber
1188 3175 1303 3218 mussten
1322 3169 1349 3218 in
1368 3169 1475 3218 Platona
1493 3169 1549 3218 Zeit

420 3260 479 3312 sehr
497 3257 613 3308 bekannt
631 3270 752 3320 genesen
772 3253 838 3319 sein,
856 3260 928 3302 sonst
947 3255 1047 3303 konnte
1066 3269 1093 3304 er
1111 3255 1149 3305 sie
1168 3255 1237 3304 wohl
1256 3255 1329 3304 nicht
1345 3256 1457 3321 exempli
1473 3271 1550 3306 causa

420 3348 448 3397 in
466 3346 538 3396 einer
556 3342 644 3390 Weise
663 3340 811 3406 crwthnen,
828 3340 871 3390 die
887 3341 924 3390 sie
939 3341 978 3390 als
994 3341 1085 3390 seinen
1104 3342 1200 3391 Lesern
1211 3341 1497 3407 geliufigvoraussetrt.
1509 3380 1516 3393 .
1526 3378 1549 3391 ..

419 3431 536 3495 wichtig
560 3429 603 3494 ist,
627 3427 686 3476 dass
707 3427 800 3476 Platon
823 3427 962 3492 orphische
982 3429 1106 3493 Hymnen
1125 3429 1271 3493 uberhaupt
1290 3437 1382 3494 neunt,
1400 3429 1488 3478 womit
1507 3431 1551 3479 be-

421 3527 496 3583 zeugt
521 3517 562 3581 ist³
587 3515 646 3564 dass
670 3513 735 3562 auch
760 3513 819 3564 dem
840 3514 984 3564 Altertume
1004 3515 1091 3564 solche
1109 3516 1226 3564 bekannt
1245 3531 1381 3566 waren...
1401 3515 1489 3566 Wenn
1507 3516 1549 3566 die

420 3607 511 3654 Worte
534 3602 567 3651 de
591 3600 661 3665 legg.
682 3615 708 3664 p.
729 3599 812 3664 715E
830 3595 911 3660 ἀρχήν
925 3614 956 3647 τε
972 3597 1015 3646 aui
1032 3597 1156 3654 τελευτὴν
1173 3597 1214 3647 καὶ
1231 3597 1300 3658 μεόοε
1316 3604 1366 3646 τῶν
1381 3597 1457 3648 ’όντοον
1475 3603 1550 3652 wirk·

419 3691 474 3742 lich
492 3688 538 3738 aui
554 3687 630 3736 einen
647 3684 803 3750 orphiscben
824 3687 889 3736 Vers
909 3688 1057 3753 anspielen,
1075 3688 1124 3736 wie
1142 3688 1185 3737 die
1204 3687 1326 3737 Scholien
1345 3688 1504 3753 bebanptem
1521 3704 1550 3738 so

420 3792 480 3841 mag
498 3774 582 3823 dieser
599 3787 645 3821 aus
660 3771 746 3820 einem
761 3771 973 3838 hymnosartigen
990 3773 1116 3822 Gedichte
1133 3783 1267 3838 stammam,
1282 3773 1330 3822 wie
1346 3773 1455 3839 Gruppe
1471 3774 1551 3824 wahr-

420 3860 564 3914 scheinlicb
582 3858 702 3924 gemacht
720 3855 790 3907 hat.”

465 3949 515 3998 Vix
534 3954 621 3997 tamen
639 3959 697 3993 cnm
714 3943 786 3993 hisce
806 3960 950 4010 congruere
970 3946 1032 3995 mibi
1052 3946 1180 4012 videntur,
1197 3962 1263 4011 quae
1279 3945 1369 3995 eadem
1385 3961 1446 4012 pag.
1462 3947 1552 3997 scribit

420 4036 539 4085 Wnann:
550 4032 609 4098 „Ob
619 4030 689 4079 diese
700 4029 829 4080 Gedichte
845 4031 986 4081 schriitl
994 4033 1047 4082 ich
1062 4033 1257 4098 anigezeichnet
1267 4047 1362 4098 waren,
1372 4033 1406 4082 ob
1415 4032 1507 4082 Platon
1514 4033 1551 4083 sie

420 4124 559 4189 gelesen
575 4120 657 4182 hatte,
671 4116 734 4166 l'a'sst
749 4133 795 4167 aus
813 4117 859 4166 der
875 4118 1012 4168 einiacben
1030 4119 1197 4184 Erwehnung
1208 4119 1262 4168 sich
1272 4118 1345 4168 nicht
1356 4119 1552 4170 entscheiden.''

419 4209 525 4259 Etenim
549 4205 614 4272 quid
639 4203 711 4254 aliud
734 4203 911 4255 demonstrare
936 4213 1044 4256 conatus
1062 4209 1117 4256 est?
1137 4206 1265 4271 Alioquin
1282 4221 1327 4256 cur
1346 4207 1482 4271 impugnat
1501 4208 1552 4257 Lo-

420 4295 559 4346 ancltluati
578 4291 663 4353 Quam
680 4290 758 4339 aliurn
776 4291 811 4339 ob
830 4306 933 4340 causam
951 4293 1008 4356 ipse
1028 4292 1166 4342 verisimile
1182 4299 1265 4356 putat,
1282 4307 1393 4358 versum,
1408 4308 1485 4356 quem
1495 4293 1552 4358 ipse

421 4383 513 4432 Pnaro
532 4385 723 4442 commemorat,
740 4377 773 4426 ad
792 4378 918 4428 eiusmodi
936 4379 1060 4442 hymnum
1079 4380 1225 4445 pertinere?
1244 4379 1378 4428 Traditum
1398 4379 1486 4445 tuisse,
1504 4380 1551 4430 Or·

427 4469 523 4535 pheum
539 4465 652 4516 carmina
666 4463 758 4513 iecisse
773 4463 801 4513 in
817 4466 942 4516 honorem
957 4466 1073 4532 deorum,
1087 4467 1148 4516 satis
1165 4472 1275 4532 constat,
1290 4479 1376 4531 neque
1386 4482 1401 4515 a
1411 4467 1551 4516 Lonncxro

424 4563 545 4620 negatur3
564 4553 613 4602 hoc
631 4557 717 4601 autem
737 4566 769 4600 ex
789 4552 924 4603 Pniroms
941 4554 1064 4618 operibus
1083 4553 1258 4603 demonstrare
1277 4567 1383 4602 necesse
1401 4569 1453 4604 non
1474 4563 1536 4603 erat.

464 4641 492 4709 ε)
511 4642 579 4705 bere
600 4637 659 4702 829·
