3698 5574
936 611 1007 699 184

400 805 511 897 illam,
562 807 687 882 verbis
731 819 797 901 τοῖς
837 808 995 913 εἰρηκόσιν
1037 805 1211 913 ἔμπροσθεν
1255 809 1530 908 significeturne

400 929 585 1026 Orpheus.
612 929 881 1005 Gravissimam
905 955 988 1004 esse
1010 929 1269 1026 quaestionem
1292 933 1388 1007 hanc
1412 933 1462 1006 ad
1486 959 1532 1006 ea

400 1077 498 1148 quae
535 1052 622 1124 mihi
660 1053 849 1151 proposui,
889 1051 1123 1150 perspicuum
1151 1069 1219 1128 est.
1252 1053 1352 1127 Nam
1380 1081 1465 1128 cum
1494 1071 1532 1129 et

400 1173 518 1248 ironia
557 1174 610 1249 uti
651 1175 837 1250 Trunsuu
881 1174 1107 1248 ostenderim
1150 1191 1188 1250 et
1231 1192 1424 1273 praeterea
1466 1187 1531 1269 τοῖς

400 1297 555 1398 εἰρηκόσιν
579 1297 679 1371 hisce
703 1295 875 1401 ἔμπροσθεν
899 1324 995 1396 opus
1018 1297 1170 1394 aliquod
1193 1297 1302 1372 tribui
1323 1325 1346 1372 a
1361 1299 1528 1389 TrunEO,

400 1418 480 1493 sine
507 1419 620 1492 dubio
648 1419 762 1517 ipsius
790 1420 979 1494 Pnnrorns
1007 1435 1132 1518 partes
1155 1437 1304 1519 agente,
1324 1420 1387 1494 vix
1401 1421 1531 1519 negari

399 1540 528 1638 possit,
558 1567 632 1616 non
656 1541 779 1633 video,
805 1567 881 1638 quo
906 1543 1020 1617 modo
1044 1568 1127 1616 cum
1151 1542 1195 1616 iis
1214 1569 1312 1641 quae
1327 1544 1398 1617 huc
1412 1569 1530 1639 usque

400 1662 448 1735 de
477 1663 632 1761 Orpheo
661 1663 939 1760 disputaverim,
968 1690 1175 1763 congruere
1195 1664 1313 1763 possit
1335 1665 1394 1740 hic
1417 1666 1530 1756 locus,

399 1783 430 1857 si
459 1809 590 1859 revera
618 1801 806 1883 spectetur
834 1787 1029 1884 Orpheus3
1058 1803 1189 1861 contra
1216 1804 1355 1878 autem,
1384 1788 1414 1860 si
1443 1812 1530 1862 vere

401 1906 495 1979 haec
531 1921 617 1980 sunt
653 1906 843 2004 disputata
879 1923 918 1982 et
953 1934 1000 1982 ex
1036 1909 1080 1982 iis
1110 1908 1331 1984 concludere
1358 1908 1454 2000 licet,
1484 1910 1531 1983 de

401 2027 557 2125 Orpheo
585 2055 797 2104 sermonem
825 2055 908 2104 esse
935 2030 1034 2104 Tim.
1061 2056 1112 2124 40
1127 2031 1176 2122 D,
1202 2057 1269 2129 per
1293 2058 1334 2106 se
1356 2032 1431 2106 iam
1455 2031 1531 2105 veri

401 2167 458 2225 est
486 2150 671 2226 dissimile.
703 2152 828 2246 Quam
857 2154 906 2226 ob
935 2178 1013 2227 rem
1045 2153 1249 2227 accuratius
1272 2153 1530 2252 inquirendum

400 2298 483 2347 esse
510 2290 613 2371 puto

455 2395 515 2469 Ac
551 2395 670 2494 primo
703 2396 854 2493 quidem
882 2396 1087 2488 videamus,
1119 2423 1303 2494 quaenam
1333 2398 1533 2473 afferantur

402 2533 635 2616 argumenta,
664 2545 729 2593 cur
752 2519 801 2591 ad
826 2519 1020 2616 Orpheum
1045 2519 1280 2594 referendum
1305 2546 1388 2595 esse
1410 2519 1531 2595 locum

402 2657 586 2738 putemus.
603 2640 698 2715 Sunt
714 2658 837 2715 autem
854 2640 929 2716 duo
945 2642 1196 2739 potissimum:
1214 2643 1369 2718 alterurn
1379 2643 1533 2717 sumitur

402 2788 448 2836 ex
486 2762 733 2836 locutionibus
762 2763 905 2866 ἐκγόνοις
931 2763 991 2866 μὲν
1021 2770 1098 2842 θεῶν
1129 2751 1230 2856 οὖσιν,
1259 2771 1303 2857 ὡς
1330 2762 1453 2868 ἔφασαν
1481 2809 1533 2820 -

403 2890 479 2962 θεῶν
517 2891 639 2976 παισίν,
678 2910 776 2982 quae
812 2885 930 2959 verba
966 2912 1049 2959 cum
1089 2886 1167 2961 aliis
1203 2886 1294 2960 locis
1325 2887 1460 2984 quibus
1487 2886 1534 2961 de

404 3006 559 3104 Orpheo
597 3007 643 3081 sit
679 3033 802 3082 sermo
841 3007 940 3105 apud
979 3007 1200 3098 Pnnronnu,
1239 3007 1418 3105 imprimis
1450 3035 1532 3082 cum

405 3129 563 3227 Republ.
601 3130 648 3204 ΙΙ.
682 3137 756 3225 364
786 3130 818 3202 E
846 3156 942 3227 sqq,
982 3129 1132 3204 mirifice
1169 3156 1376 3229 congruere
1410 3133 1532 3224 aiunt,

404 3251 559 3325 alterum
589 3279 611 3326 a
638 3251 874 3326 similitudine
903 3252 1053 3342 ducunt,
1083 3279 1182 3350 quae
1208 3252 1302 3326 inter
1331 3253 1532 3351 Orphicam

402 3373 645 3472 theogoniam
678 3390 717 3447 et
752 3373 898 3448 Timaei
932 3373 1003 3448 loci
1031 3374 1185 3448 deorum
1214 3375 1532 3450 enumerationem

402 3495 616 3570 intercedat.
633 3492 660 3593 1)

457 3619 572 3713 Quod
601 3617 648 3692 ad
677 3617 788 3716 prius,
817 3616 958 3691 nullum
985 3642 1077 3692 vero
1102 3617 1138 3690 id
1162 3618 1313 3716 quidem
1339 3643 1534 3718 argumen-

403 3757 482 3816 tum
518 3757 586 3815 est.
628 3739 728 3814 Nam
766 3741 850 3815 licet
887 3739 964 3813 iure
999 3740 1184 3836 vituperet
1222 3742 1368 3815 Wasnn
1396 3742 1535 3816 Sanni.-

403 3887 576 3939 nnunrrunr
601 3863 703 3961 quod
727 3861 991 3961 interpretandi
1014 3887 1127 3936 causa
1152 3863 1283 3938 aflerat
1305 3863 1400 3938 tales
1418 3863 1532 3956 locos,

405 3985 525 4084 qualis
561 4001 618 4059 est
656 3984 795 4059 Phileb.
841 3991 886 4058 16
916 3986 973 4057 D:
1013 3989 1068 4062 καὶ
1105 3989 1135 4062 οἱ
1169 3984 1229 4089 μὲν
1267 3993 1413 4088 παλαιοί,
1437 3995 1538 4090 κρείτ-

403 4140 490 4199 τονες
526 4113 620 4210 ἡμῶν
659 4110 719 4184 καί
754 4108 913 4211 ἐγγυτέρω
952 4110 1028 4184 θεῶν
1063 4111 1232 4198 οἰκοῦντες,
1267 4103 1388 4198 ταύτην
1423 4109 1536 4211 φήμην

403 4229 599 4334 παρέδοσαν,
643 4255 726 4302 cum
769 4228 818 4303 ibi
860 4228 908 4302 de
945 4228 1100 4302 deorum
1127 4226 1236 4326 filiis
1271 4228 1424 4302 omnino
1461 4255 1537 4305 non

406 4348 592 4451 agatur,’)
621 4351 656 4424 in
675 4351 832 4426 similem
858 4350 889 4423 is
912 4350 1037 4425 incidit
1061 4375 1235 4434 errorem,
1262 4377 1374 4448 quem
1400 4352 1538 4426 Sanni.-

451 4581 478 4648 1)
497 4581 538 4631 Cf.
558 4579 673 4646 Wsurn,
691 4581 743 4630 o.l.
764 4596 823 4647 pag.
845 4593 877 4630 10
896 4595 956 4645 sqq.

450 4667 478 4736 2)
496 4684 520 4718 o.
530 4667 548 4716 1.
568 4683 627 4732 pag.
649 4679 694 4717 to:
716 4667 875 4732 „Stallbaurn
895 4671 1054 4732 verwfissert,
1073 4665 1161 4715 iudem
1180 4679 1207 4715 er
1226 4665 1312 4730 einige
1331 4665 1430 4716 Stellen
1446 4666 1539 4733 zitiert,
