<?xml version="1.0" encoding="UTF-8"?>
<!DOCTYPE html PUBLIC "-//W3C//DTD XHTML 1.0 Transitional//EN"
    "http://www.w3.org/TR/xhtml1/DTD/xhtml1-transitional.dtd">
<html xmlns="http://www.w3.org/1999/xhtml" xml:lang="en" lang="en">
 <head>
  <title>
</title>
<meta http-equiv="Content-Type" content="text/html;charset=utf-8" />
  <meta name='ocr-system' content='tesseract 3.04.00' />
  <meta name='ocr-capabilities' content='ocr_page ocr_carea ocr_par ocr_line ocrx_word'/>
</head>
<body>
  <div class='ocr_page' id='page_1' title='image "./deplatonepraeso01woltgoog_0146.png"; bbox 0 0 3654 5564; ppageno 0'>
   <div class='ocr_carea' id='block_1_1' title="bbox 552 1453 1070 1550">
    <p class='ocr_par' dir='ltr' id='par_1_1' title="bbox 552 1453 1070 1550">
     <span class='ocr_line' id='line_1_1' title="bbox 552 1453 1070 1550; baseline -0.004 0"><span class='ocrx_word' id='word_1_1' title='bbox 552 1454 771 1550; x_wconf 81' lang='lat' dir='ltr'>CAPUT</span> <span class='ocrx_word' id='word_1_2' title='bbox 800 1453 1070 1548; x_wconf 88' lang='lat' dir='ltr'><strong>PRIMUM.</strong></span> 
     </span>
    </p>
   </div>
   <div class='ocr_carea' id='block_1_2' title="bbox 238 1889 1390 1970">
    <p class='ocr_par' dir='ltr' id='par_1_2' title="bbox 238 1889 1390 1970">
     <span class='ocr_line' id='line_1_2' title="bbox 238 1889 1390 1970; baseline -0.003 -18"><span class='ocrx_word' id='word_1_3' title='bbox 238 1893 295 1952; x_wconf 90' lang='lat' dir='ltr'>DE</span> <span class='ocrx_word' id='word_1_4' title='bbox 311 1892 623 1966; x_wconf 79' lang='lat' dir='ltr'>ANTIQUISSIMIS</span> <span class='ocrx_word' id='word_1_5' title='bbox 633 1892 832 1952; x_wconf 82' lang='lat' dir='ltr'><strong>GRAECAE</strong></span> <span class='ocrx_word' id='word_1_6' title='bbox 842 1889 1158 1950; x_wconf 87' lang='lat' dir='ltr'>PHILOSOPHIAE</span> <span class='ocrx_word' id='word_1_7' title='bbox 1168 1889 1390 1970; x_wconf 83' lang='lat' dir='ltr'>VESTIGIIS.¹</span> 
     </span>
    </p>
   </div>
   <div class='ocr_carea' id='block_1_3' title="bbox 285 2095 1333 2331">
    <p class='ocr_par' dir='ltr' id='par_1_3' title="bbox 285 2095 1333 2331">
     <span class='ocr_line' id='line_1_3' title="bbox 442 2095 1183 2150; baseline 0 -12"><span class='ocrx_word' id='word_1_8' title='bbox 442 2097 483 2138; x_wconf 81' lang='lat' dir='ltr'>DE</span> <span class='ocrx_word' id='word_1_9' title='bbox 504 2097 630 2140; x_wconf 78' lang='lat' dir='ltr'>ORPHEO</span> <span class='ocrx_word' id='word_1_10' title='bbox 651 2097 689 2138; x_wconf 82' lang='lat' dir='ltr'>ET</span> <span class='ocrx_word' id='word_1_11' title='bbox 710 2095 854 2140; x_wconf 80' lang='lat' dir='ltr'>ORPHICIS</span> <span class='ocrx_word' id='word_1_12' title='bbox 875 2096 930 2150; x_wconf 87' lang='lat' dir='ltr'>QUI</span> <span class='ocrx_word' id='word_1_13' title='bbox 951 2095 1123 2140; x_wconf 85' lang='lat' dir='ltr'><strong>DICUNTUR.</strong></span> <span class='ocrx_word' id='word_1_14' title='bbox 1143 2113 1183 2123; x_wconf 89' lang='lat'>-·</span> 
     </span>
     <span class='ocr_line' id='line_1_4' title="bbox 285 2189 1333 2246; baseline 0 -13"><span class='ocrx_word' id='word_1_15' title='bbox 285 2192 327 2233; x_wconf 83' lang='lat' dir='ltr'>DE</span> <span class='ocrx_word' id='word_1_16' title='bbox 346 2191 516 2236; x_wconf 81' lang='lat' dir='ltr'>VETERIBUS</span> <span class='ocrx_word' id='word_1_17' title='bbox 538 2191 755 2234; x_wconf 78' lang='lat' dir='ltr'>GENERALITER</span> <span class='ocrx_word' id='word_1_18' title='bbox 776 2189 886 2234; x_wconf 77' lang='lat' dir='ltr'>nlcrls.</span> <span class='ocrx_word' id='word_1_19' title='bbox 906 2209 946 2218; x_wconf 91' lang='grc'><strong>-</strong></span> <span class='ocrx_word' id='word_1_20' title='bbox 967 2192 1009 2233; x_wconf 84' lang='lat' dir='ltr'>DE</span> <span class='ocrx_word' id='word_1_21' title='bbox 1029 2191 1108 2234; x_wconf 74' lang='lat' dir='ltr'>ntus</span> <span class='ocrx_word' id='word_1_22' title='bbox 1129 2192 1155 2234; x_wconf 87' lang='lat' dir='ltr'>SI</span> <span class='ocrx_word' id='word_1_23' title='bbox 1177 2191 1230 2246; x_wconf 77' lang='lat' dir='ltr'>QUI</span> <span class='ocrx_word' id='word_1_24' title='bbox 1251 2191 1333 2236; x_wconf 78' lang='lat' dir='ltr'>SUNT</span> 
     </span>
     <span class='ocr_line' id='line_1_5' title="bbox 549 2286 1075 2331; baseline 0.004 -3"><span class='ocrx_word' id='word_1_25' title='bbox 549 2287 689 2331; x_wconf 79' lang='lat' dir='ltr'>EIUSDUM</span> <span class='ocrx_word' id='word_1_26' title='bbox 711 2286 842 2329; x_wconf 81' lang='lat' dir='ltr'>GENERIS</span> <span class='ocrx_word' id='word_1_27' title='bbox 863 2286 1075 2330; x_wconf 80' lang='lat' dir='ltr'>PHILOSOPHIS.</span> 
     </span>
    </p>
   </div>
   <div class='ocr_carea' id='block_1_4' title="bbox 246 2443 1424 2796">
    <p class='ocr_par' dir='ltr' id='par_1_4' title="bbox 246 2443 1424 2796">
     <span class='ocr_line' id='line_1_6' title="bbox 299 2443 904 2519; baseline 0.002 -2"><span class='ocrx_word' id='word_1_28' title='bbox 299 2445 326 2519; x_wconf 94' lang='grc' dir='ltr'>Ι.</span> <span class='ocrx_word' id='word_1_29' title='bbox 357 2445 417 2517; x_wconf 84' lang='lat' dir='ltr'>Dn</span> <span class='ocrx_word' id='word_1_30' title='bbox 447 2444 607 2519; x_wconf 73' lang='lat' dir='ltr'>Onnuno</span> <span class='ocrx_word' id='word_1_31' title='bbox 636 2467 683 2517; x_wconf 75' lang='lat' dir='ltr'>nr</span> <span class='ocrx_word' id='word_1_32' title='bbox 711 2443 904 2518; x_wconf 75' lang='lat' dir='ltr'>Onnfflms,</span> 
     </span>
     <span class='ocr_line' id='line_1_7' title="bbox 303 2566 1424 2665; baseline 0.003 -25"><span class='ocrx_word' id='word_1_33' title='bbox 303 2593 332 2640; x_wconf 95' lang='lat'>1.</span> <span class='ocrx_word' id='word_1_34' title='bbox 372 2567 631 2665; x_wconf 88' lang='lat' dir='ltr'>Superioribus</span> <span class='ocrx_word' id='word_1_35' title='bbox 668 2567 819 2641; x_wconf 89' lang='lat' dir='ltr'>huiusce</span> <span class='ocrx_word' id='word_1_36' title='bbox 856 2566 979 2664; x_wconf 90' lang='lat' dir='ltr'>operis</span> <span class='ocrx_word' id='word_1_37' title='bbox 1014 2568 1160 2665; x_wconf 87' lang='lat' dir='ltr'>paginis</span> <span class='ocrx_word' id='word_1_38' title='bbox 1195 2592 1292 2664; x_wconf 90' lang='lat' dir='ltr'>quae</span> <span class='ocrx_word' id='word_1_39' title='bbox 1329 2568 1377 2644; x_wconf 89' lang='lat' dir='ltr'>de</span> <span class='ocrx_word' id='word_1_40' title='bbox 1421 2601 1424 2607; x_wconf 91' lang='lat'>·</span> 
     </span>
     <span class='ocr_line' id='line_1_8' title="bbox 246 2685 1376 2796; baseline 0.003 -35"><span class='ocrx_word' id='word_1_41' title='bbox 246 2688 478 2796; x_wconf 84' lang='lat' dir='ltr'>Orphieis</span> <span class='ocrx_word' id='word_1_42' title='bbox 516 2690 613 2763; x_wconf 86' lang='lat' dir='ltr'>dicta</span> <span class='ocrx_word' id='word_1_43' title='bbox 651 2705 746 2778; x_wconf 79' lang='lat' dir='ltr'>sunt,</span> <span class='ocrx_word' id='word_1_44' title='bbox 759 2685 785 2786; x_wconf 90' lang='lat'>¹)</span> <span class='ocrx_word' id='word_1_45' title='bbox 813 2704 959 2762; x_wconf 86' lang='lat' dir='ltr'>attento</span> <span class='ocrx_word' id='word_1_46' title='bbox 987 2690 1113 2763; x_wconf 90' lang='lat' dir='ltr'>animo</span> <span class='ocrx_word' id='word_1_47' title='bbox 1143 2691 1204 2787; x_wconf 92' lang='lat' dir='ltr'>qui</span> <span class='ocrx_word' id='word_1_48' title='bbox 1233 2689 1376 2788; x_wconf 85' lang='lat' dir='ltr'>legerit,</span> 
     </span>
    </p>
   </div>
   <div class='ocr_carea' id='block_1_5' title="bbox 245 2805 1386 4494">
    <p class='ocr_par' dir='ltr' id='par_1_5' title="bbox 245 2805 1386 4494">
     <span class='ocr_line' id='line_1_9' title="bbox 245 2805 1380 2910; baseline 0.004 -27"><span class='ocrx_word' id='word_1_49' title='bbox 245 2810 351 2884; x_wconf 79' lang='lat' dir='ltr'>facile</span> <span class='ocrx_word' id='word_1_50' title='bbox 375 2812 542 2902; x_wconf 86' lang='lat' dir='ltr'>coniciet,</span> <span class='ocrx_word' id='word_1_51' title='bbox 568 2811 695 2908; x_wconf 86' lang='lat' dir='ltr'>magni</span> <span class='ocrx_word' id='word_1_52' title='bbox 719 2811 789 2884; x_wconf 93' lang='lat' dir='ltr'>hos</span> <span class='ocrx_word' id='word_1_53' title='bbox 812 2812 846 2883; x_wconf 95' lang='lat' dir='ltr'>in</span> <span class='ocrx_word' id='word_1_54' title='bbox 871 2812 1059 2884; x_wconf 70' lang='lat' dir='ltr'>anronts</span> <span class='ocrx_word' id='word_1_55' title='bbox 1083 2811 1318 2910; x_wconf 87' lang='lat' dir='ltr'>philosophia</span> <span class='ocrx_word' id='word_1_56' title='bbox 1341 2805 1380 2887; x_wconf 68' lang='lat' dir='ltr'>e&#39;t</span> 
     </span>
     <span class='ocr_line' id='line_1_10' title="bbox 248 2934 1379 3031; baseline 0.002 -25"><span class='ocrx_word' id='word_1_57' title='bbox 248 2934 435 3007; x_wconf 75' lang='lat' dir='ltr'>Pnnrouls</span> <span class='ocrx_word' id='word_1_58' title='bbox 449 2934 624 3031; x_wconf 90' lang='lat' dir='ltr'>operibus</span> <span class='ocrx_word' id='word_1_59' title='bbox 632 2959 714 3008; x_wconf 90' lang='lat' dir='ltr'>esse</span> <span class='ocrx_word' id='word_1_60' title='bbox 726 2935 915 3008; x_wconf 89' lang='lat' dir='ltr'>momenti.</span> <span class='ocrx_word' id='word_1_61' title='bbox 929 2934 1065 3031; x_wconf 89' lang='lat' dir='ltr'><strong>Neque</strong></span> <span class='ocrx_word' id='word_1_62' title='bbox 1076 2935 1215 3008; x_wconf 87' lang='lat' dir='ltr'>iniuria.</span> <span class='ocrx_word' id='word_1_63' title='bbox 1234 2935 1379 3029; x_wconf 83' lang='lat' dir='ltr'>Quodsi</span> 
     </span>
     <span class='ocr_line' id='line_1_11' title="bbox 248 3055 1381 3152; baseline -0.001 -22"><span class='ocrx_word' id='word_1_64' title='bbox 248 3081 338 3130; x_wconf 91' lang='lat' dir='ltr'>vero</span> <span class='ocrx_word' id='word_1_65' title='bbox 367 3056 467 3129; x_wconf 90' lang='lat' dir='ltr'>idem</span> <span class='ocrx_word' id='word_1_66' title='bbox 496 3081 541 3129; x_wconf 85' lang='lat' dir='ltr'>ex</span> <span class='ocrx_word' id='word_1_67' title='bbox 570 3056 627 3128; x_wconf 92' lang='lat' dir='ltr'>his</span> <span class='ocrx_word' id='word_1_68' title='bbox 651 3055 772 3146; x_wconf 76' lang='lat' dir='ltr'>efficit,</span> <span class='ocrx_word' id='word_1_69' title='bbox 798 3055 947 3152; x_wconf 92' lang='lat' dir='ltr'>saepius</span> <span class='ocrx_word' id='word_1_70' title='bbox 970 3055 1219 3152; x_wconf 92' lang='lat' dir='ltr'>Orphicorum</span> <span class='ocrx_word' id='word_1_71' title='bbox 1244 3081 1381 3130; x_wconf 94' lang='lat' dir='ltr'>nomen</span> 
     </span>
     <span class='ocr_line' id='line_1_12' title="bbox 249 3177 1382 3276; baseline -0.001 -25"><span class='ocrx_word' id='word_1_72' title='bbox 249 3179 284 3251; x_wconf 95' lang='lat' dir='ltr'>in</span> <span class='ocrx_word' id='word_1_73' title='bbox 313 3178 488 3276; x_wconf 90' lang='lat' dir='ltr'>operibus</span> <span class='ocrx_word' id='word_1_74' title='bbox 514 3178 593 3251; x_wconf 92' lang='lat' dir='ltr'>eius</span> <span class='ocrx_word' id='word_1_75' title='bbox 620 3177 785 3267; x_wconf 87' lang='lat' dir='ltr'>inveniri,</span> <span class='ocrx_word' id='word_1_76' title='bbox 816 3192 882 3251; x_wconf 90' lang='lat' dir='ltr'>aut</span> <span class='ocrx_word' id='word_1_77' title='bbox 908 3202 955 3251; x_wconf 89' lang='lat' dir='ltr'>ex</span> <span class='ocrx_word' id='word_1_78' title='bbox 982 3177 1024 3250; x_wconf 92' lang='lat' dir='ltr'>iis</span> <span class='ocrx_word' id='word_1_79' title='bbox 1053 3202 1150 3274; x_wconf 94' lang='lat' dir='ltr'>quae</span> <span class='ocrx_word' id='word_1_80' title='bbox 1179 3178 1382 3252; x_wconf 83' lang='lat' dir='ltr'>afferuntur</span> 
     </span>
     <span class='ocr_line' id='line_1_13' title="bbox 250 3297 1382 3397; baseline -0.001 -23"><span class='ocrx_word' id='word_1_81' title='bbox 250 3326 273 3374; x_wconf 92' lang='lat' dir='ltr'>a</span> <span class='ocrx_word' id='word_1_82' title='bbox 297 3301 485 3390; x_wconf 74' lang='grc' dir='ltr'>ΡιΑτοΝΕ,</span> <span class='ocrx_word' id='word_1_83' title='bbox 511 3298 616 3373; x_wconf 82' lang='lat' dir='ltr'>facile</span> <span class='ocrx_word' id='word_1_84' title='bbox 640 3300 728 3397; x_wconf 94' lang='lat' dir='ltr'>quid</span> <span class='ocrx_word' id='word_1_85' title='bbox 752 3299 800 3372; x_wconf 92' lang='lat' dir='ltr'>de</span> <span class='ocrx_word' id='word_1_86' title='bbox 824 3297 892 3372; x_wconf 91' lang='lat' dir='ltr'>illis</span> <span class='ocrx_word' id='word_1_87' title='bbox 915 3299 1061 3373; x_wconf 91' lang='lat' dir='ltr'>noverit</span> <span class='ocrx_word' id='word_1_88' title='bbox 1084 3299 1222 3396; x_wconf 90' lang='lat' dir='ltr'>quidve</span> <span class='ocrx_word' id='word_1_89' title='bbox 1246 3302 1382 3374; x_wconf 90' lang='lat' dir='ltr'>sentiat</span> 
     </span>
     <span class='ocr_line' id='line_1_14' title="bbox 250 3419 1380 3516; baseline 0 -20"><span class='ocrx_word' id='word_1_90' title='bbox 250 3423 381 3512; x_wconf 86' lang='lat' dir='ltr'>excuti,</span> <span class='ocrx_word' id='word_1_91' title='bbox 402 3419 512 3495; x_wconf 90' lang='lat' dir='ltr'>valde</span> <span class='ocrx_word' id='word_1_92' title='bbox 532 3421 677 3495; x_wconf 90' lang='lat' dir='ltr'>videtur</span> <span class='ocrx_word' id='word_1_93' title='bbox 696 3445 830 3495; x_wconf 89' lang='lat' dir='ltr'>errare.</span> <span class='ocrx_word' id='word_1_94' title='bbox 850 3419 998 3516; x_wconf 90' lang='lat' dir='ltr'>Nempe</span> <span class='ocrx_word' id='word_1_95' title='bbox 1013 3445 1087 3494; x_wconf 94' lang='lat' dir='ltr'>non</span> <span class='ocrx_word' id='word_1_96' title='bbox 1104 3420 1223 3494; x_wconf 90' lang='lat' dir='ltr'>solum</span> <span class='ocrx_word' id='word_1_97' title='bbox 1241 3423 1380 3514; x_wconf 72' lang='lat' dir='ltr'>Punm,</span> 
     </span>
     <span class='ocr_line' id='line_1_15' title="bbox 248 3541 1383 3641; baseline 0.002 -24"><span class='ocrx_word' id='word_1_98' title='bbox 248 3545 286 3617; x_wconf 92' lang='lat' dir='ltr'>id</span> <span class='ocrx_word' id='word_1_99' title='bbox 323 3544 425 3641; x_wconf 94' lang='lat' dir='ltr'>quod</span> <span class='ocrx_word' id='word_1_100' title='bbox 461 3568 572 3640; x_wconf 92' lang='lat' dir='ltr'>supra</span> <span class='ocrx_word' id='word_1_101' title='bbox 609 3544 682 3617; x_wconf 88' lang='lat' dir='ltr'>iam</span> <span class='ocrx_word' id='word_1_102' title='bbox 720 3542 805 3633; x_wconf 78' lang='lat' dir='ltr'>dixi,</span> <span class='ocrx_word' id='word_1_103' title='bbox 817 3541 844 3640; x_wconf 72' lang='grc'>2)</span> <span class='ocrx_word' id='word_1_104' title='bbox 877 3543 1093 3639; x_wconf 88' lang='lat' dir='ltr'>saepissime</span> <span class='ocrx_word' id='word_1_105' title='bbox 1125 3546 1383 3619; x_wconf 92' lang='lat' dir='ltr'>communibus</span> 
     </span>
     <span class='ocr_line' id='line_1_16' title="bbox 249 3663 1382 3762; baseline 0.003 -24"><span class='ocrx_word' id='word_1_106' title='bbox 249 3667 458 3739; x_wconf 88' lang='lat' dir='ltr'>nominibus</span> <span class='ocrx_word' id='word_1_107' title='bbox 485 3690 780 3740; x_wconf 87' lang='lat' dir='ltr'>commemorare</span> <span class='ocrx_word' id='word_1_108' title='bbox 804 3664 900 3738; x_wconf 91' lang='lat' dir='ltr'>solet</span> <span class='ocrx_word' id='word_1_109' title='bbox 924 3663 1121 3762; x_wconf 82' lang='lat' dir='ltr'>Orphieos‚</span> <span class='ocrx_word' id='word_1_110' title='bbox 1146 3667 1197 3740; x_wconf 90' lang='lat' dir='ltr'>ita</span> <span class='ocrx_word' id='word_1_111' title='bbox 1222 3683 1262 3740; x_wconf 91' lang='lat' dir='ltr'>ut</span> <span class='ocrx_word' id='word_1_112' title='bbox 1285 3693 1382 3740; x_wconf 89' lang='lat' dir='ltr'>com-</span> 
     </span>
     <span class='ocr_line' id='line_1_17' title="bbox 250 3786 1384 3887; baseline 0.001 -26"><span class='ocrx_word' id='word_1_113' title='bbox 250 3787 413 3887; x_wconf 91' lang='lat' dir='ltr'>pluribus</span> <span class='ocrx_word' id='word_1_114' title='bbox 436 3833 487 3842; x_wconf 97' lang='lat'><em>-</em></span> <span class='ocrx_word' id='word_1_115' title='bbox 512 3814 558 3862; x_wconf 97' lang='lat' dir='ltr'>ne</span> <span class='ocrx_word' id='word_1_116' title='bbox 582 3789 701 3862; x_wconf 83' lang='lat' dir='ltr'>dicam</span> <span class='ocrx_word' id='word_1_117' title='bbox 726 3786 912 3884; x_wconf 90' lang='lat' dir='ltr'>plerisque</span> <span class='ocrx_word' id='word_1_118' title='bbox 935 3832 987 3842; x_wconf 98' lang='lat'><strong>—</strong></span> <span class='ocrx_word' id='word_1_119' title='bbox 1011 3786 1100 3861; x_wconf 89' lang='lat' dir='ltr'>locis</span> <span class='ocrx_word' id='word_1_120' title='bbox 1115 3803 1236 3861; x_wconf 91' lang='lat' dir='ltr'>utrum</span> <span class='ocrx_word' id='word_1_121' title='bbox 1251 3815 1384 3862; x_wconf 87' lang='lat' dir='ltr'>revera</span> 
     </span>
     <span class='ocr_line' id='line_1_18' title="bbox 251 3909 1383 4008; baseline 0.003 -26"><span class='ocrx_word' id='word_1_122' title='bbox 251 3910 320 3984; x_wconf 94' lang='lat' dir='ltr'>hos</span> <span class='ocrx_word' id='word_1_123' title='bbox 343 3925 486 4008; x_wconf 88' lang='lat' dir='ltr'>spectet</span> <span class='ocrx_word' id='word_1_124' title='bbox 509 3935 634 3983; x_wconf 88' lang='lat' dir='ltr'>annon</span> <span class='ocrx_word' id='word_1_125' title='bbox 656 3909 834 3983; x_wconf 85' lang='lat' dir='ltr'>incertum</span> <span class='ocrx_word' id='word_1_126' title='bbox 850 3909 908 3999; x_wconf 87' lang='lat' dir='ltr'>sit,</span> <span class='ocrx_word' id='word_1_127' title='bbox 924 3925 962 3983; x_wconf 90' lang='lat' dir='ltr'>et</span> <span class='ocrx_word' id='word_1_128' title='bbox 976 3909 1195 4006; x_wconf 85' lang='lat' dir='ltr'>gravissima</span> <span class='ocrx_word' id='word_1_129' title='bbox 1211 3935 1383 4007; x_wconf 90' lang='lat' dir='ltr'>quaeque</span> 
     </span>
     <span class='ocr_line' id='line_1_19' title="bbox 253 4030 1384 4122; baseline 0.002 -19"><span class='ocrx_word' id='word_1_130' title='bbox 253 4032 413 4105; x_wconf 88' lang='lat' dir='ltr'>maxime</span> <span class='ocrx_word' id='word_1_131' title='bbox 445 4032 518 4104; x_wconf 93' lang='lat' dir='ltr'>sint</span> <span class='ocrx_word' id='word_1_132' title='bbox 553 4031 676 4122; x_wconf 88' lang='lat' dir='ltr'>dubia,</span> <span class='ocrx_word' id='word_1_133' title='bbox 705 4055 835 4104; x_wconf 92' lang='lat' dir='ltr'>verum</span> <span class='ocrx_word' id='word_1_134' title='bbox 865 4030 978 4103; x_wconf 90' lang='lat' dir='ltr'>etiam</span> <span class='ocrx_word' id='word_1_135' title='bbox 1007 4031 1036 4103; x_wconf 93' lang='lat' dir='ltr'>si</span> <span class='ocrx_word' id='word_1_136' title='bbox 1064 4032 1286 4106; x_wconf 78' lang='lat' dir='ltr'>nominatim</span> <span class='ocrx_word' id='word_1_137' title='bbox 1316 4031 1384 4105; x_wconf 93' lang='lat' dir='ltr'>Or-</span> 
     </span>
     <span class='ocr_line' id='line_1_20' title="bbox 253 4152 1386 4251; baseline 0.002 -25"><span class='ocrx_word' id='word_1_138' title='bbox 253 4153 389 4251; x_wconf 91' lang='lat' dir='ltr'>pheum</span> <span class='ocrx_word' id='word_1_139' title='bbox 418 4153 678 4250; x_wconf 89' lang='lat' dir='ltr'>Orphicosque</span> <span class='ocrx_word' id='word_1_140' title='bbox 706 4152 825 4240; x_wconf 81' lang='lat' dir='ltr'>affert,</span> <span class='ocrx_word' id='word_1_141' title='bbox 855 4168 960 4226; x_wconf 87' lang='lat' dir='ltr'>tanta</span> <span class='ocrx_word' id='word_1_142' title='bbox 988 4152 1024 4224; x_wconf 97' lang='lat' dir='ltr'>in</span> <span class='ocrx_word' id='word_1_143' title='bbox 1053 4153 1244 4228; x_wconf 83' lang='lat' dir='ltr'>afferendo</span> <span class='ocrx_word' id='word_1_144' title='bbox 1274 4155 1386 4228; x_wconf 90' lang='lat' dir='ltr'>utitur</span> 
     </span>
     <span class='ocr_line' id='line_1_21' title="bbox 253 4273 1384 4374; baseline 0 -26"><span class='ocrx_word' id='word_1_145' title='bbox 253 4276 447 4366; x_wconf 85' lang='lat' dir='ltr'>varietate,</span> <span class='ocrx_word' id='word_1_146' title='bbox 476 4291 516 4349; x_wconf 92' lang='lat' dir='ltr'>ut</span> <span class='ocrx_word' id='word_1_147' title='bbox 543 4276 605 4349; x_wconf 83' lang='lat' dir='ltr'>vix</span> <span class='ocrx_word' id='word_1_148' title='bbox 633 4277 707 4349; x_wconf 92' lang='lat' dir='ltr'>duo</span> <span class='ocrx_word' id='word_1_149' title='bbox 735 4273 971 4348; x_wconf 87' lang='lat' dir='ltr'>inveniantur</span> <span class='ocrx_word' id='word_1_150' title='bbox 998 4274 1080 4365; x_wconf 88' lang='lat' dir='ltr'>loci,</span> <span class='ocrx_word' id='word_1_151' title='bbox 1110 4277 1184 4372; x_wconf 84' lang='lat' dir='ltr'>qui,</span> <span class='ocrx_word' id='word_1_152' title='bbox 1210 4278 1312 4374; x_wconf 95' lang='lat' dir='ltr'>quod</span> <span class='ocrx_word' id='word_1_153' title='bbox 1335 4276 1384 4350; x_wconf 88' lang='lat' dir='ltr'>ad</span> 
     </span>
     <span class='ocr_line' id='line_1_22' title="bbox 254 4396 1109 4494; baseline -0.001 -23"><span class='ocrx_word' id='word_1_154' title='bbox 254 4399 349 4471; x_wconf 94' lang='lat' dir='ltr'>hanc</span> <span class='ocrx_word' id='word_1_155' title='bbox 378 4423 467 4487; x_wconf 83' lang='lat' dir='ltr'>rem,</span> <span class='ocrx_word' id='word_1_156' title='bbox 496 4423 646 4494; x_wconf 91' lang='lat' dir='ltr'>prorsus</span> <span class='ocrx_word' id='word_1_157' title='bbox 674 4397 767 4471; x_wconf 90' lang='lat' dir='ltr'>inter</span> <span class='ocrx_word' id='word_1_158' title='bbox 796 4422 836 4471; x_wconf 93' lang='lat' dir='ltr'>se</span> <span class='ocrx_word' id='word_1_159' title='bbox 864 4397 936 4469; x_wconf 92' lang='lat' dir='ltr'>sint</span> <span class='ocrx_word' id='word_1_160' title='bbox 964 4396 1109 4470; x_wconf 89' lang='lat' dir='ltr'>similes.</span> 
     </span>
    </p>
   </div>
   <div class='ocr_carea' id='block_1_6' title="bbox 303 4667 1141 4824">
    <p class='ocr_par' dir='ltr' id='par_1_6' title="bbox 303 4667 1141 4824">
     <span class='ocr_line' id='line_1_23' title="bbox 303 4667 1043 4738; baseline -0.001 -18"><span class='ocrx_word' id='word_1_161' title='bbox 303 4671 329 4738; x_wconf 88' lang='lat'>1)</span> <span class='ocrx_word' id='word_1_162' title='bbox 348 4671 389 4721; x_wconf 84' lang='lat' dir='ltr'>Ci.</span> <span class='ocrx_word' id='word_1_163' title='bbox 407 4671 534 4736; x_wconf 86' lang='lat' dir='ltr'>imprimis</span> <span class='ocrx_word' id='word_1_164' title='bbox 553 4671 675 4720; x_wconf 73' lang='lat' dir='ltr'>Dtmsn</span> <span class='ocrx_word' id='word_1_165' title='bbox 693 4671 780 4735; x_wconf 78' lang='lat' dir='ltr'>verbu,</span> <span class='ocrx_word' id='word_1_166' title='bbox 799 4685 859 4734; x_wconf 76' lang='lat' dir='ltr'>pag.</span> <span class='ocrx_word' id='word_1_167' title='bbox 879 4667 911 4734; x_wconf 84' lang='grc'>85</span> <span class='ocrx_word' id='word_1_168' title='bbox 931 4668 1043 4719; x_wconf 77' lang='lat' dir='ltr'>laudata.</span> 
     </span>
     <span class='ocr_line' id='line_1_24' title="bbox 303 4756 1141 4824; baseline 0 -16"><span class='ocrx_word' id='word_1_169' title='bbox 303 4759 332 4824; x_wconf 83' lang='lat'>2)</span> <span class='ocrx_word' id='word_1_170' title='bbox 350 4759 418 4808; x_wconf 84' lang='lat' dir='ltr'>Vide</span> <span class='ocrx_word' id='word_1_171' title='bbox 437 4773 503 4823; x_wconf 79' lang='lat' dir='ltr'>quae</span> <span class='ocrx_word' id='word_1_172' title='bbox 522 4775 553 4808; x_wconf 84' lang='lat' dir='ltr'>ex</span> <span class='ocrx_word' id='word_1_173' title='bbox 573 4757 687 4808; x_wconf 71' lang='lat' dir='ltr'>Gnuern</span> <span class='ocrx_word' id='word_1_174' title='bbox 705 4771 783 4822; x_wconf 84' lang='lat' dir='ltr'>opere</span> <span class='ocrx_word' id='word_1_175' title='bbox 801 4756 878 4806; x_wconf 74' lang='lat' dir='ltr'>attuli</span> <span class='ocrx_word' id='word_1_176' title='bbox 897 4772 956 4821; x_wconf 70' lang='lat' dir='ltr'>pag.</span> <span class='ocrx_word' id='word_1_177' title='bbox 975 4757 1018 4822; x_wconf 84' lang='lat'>⁶0,</span> <span class='ocrx_word' id='word_1_178' title='bbox 1037 4757 1097 4807; x_wconf 74' lang='lat' dir='ltr'>adn.</span> <span class='ocrx_word' id='word_1_179' title='bbox 1116 4759 1141 4808; x_wconf 87' lang='lat'>6.</span> 
     </span>
    </p>
   </div>
   <div class='ocr_carea' id='block_1_7' title="bbox 1257 4875 1273 4924">
    <p class='ocr_par' dir='ltr' id='par_1_7' title="bbox 1257 4875 1273 4924">
     <span class='ocr_line' id='line_1_25' title="bbox 1257 4875 1273 4924; baseline 0 0"><span class='ocrx_word' id='word_1_180' title='bbox 1257 4875 1273 4924; x_wconf 82' lang='lat'>9</span> 
     </span>
    </p>
   </div>
   <div class='ocr_carea' id='block_1_8' title="bbox 0 0 1857 5564">
    <p class='ocr_par' dir='ltr' id='par_1_8' title="bbox 0 0 1857 5564">
     <span class='ocr_line' id='line_1_26' title="bbox 0 0 1857 5564; baseline 0 0"><span class='ocrx_word' id='word_1_181' title='bbox 0 0 1857 5564; x_wconf 95' lang='lat' dir='ltr'> </span> 
     </span>
    </p>
   </div>
  </div>
 </body>
</html>
