3654 5564
790 689 835 762 91

306 869 341 939 6.
373 864 481 938 Haec
504 865 697 958 sufficiant,
721 881 774 956 ut,
799 866 901 964 quod
924 867 971 941 sit
994 867 1182 942 Pnnroms
1204 869 1253 945 de
1276 872 1381 968 po'esi

252 1031 304 1042 -
332 1002 515 1083 quatenus
544 987 593 1061 ad
617 986 891 1087 philosophiam
916 989 1099 1088 pertineat
1122 1035 1174 1046 —
1197 993 1381 1087 iudicium,

252 1123 509 1208 cognoscatur.
535 1109 681 1204 Quibus
703 1111 863 1209 peractis
876 1109 1032 1185 alteram
1047 1138 1160 1210 quam
1175 1115 1247 1189 hoc
1260 1117 1383 1214 capite

253 1231 487 1306 tractandam
510 1257 593 1306 esse
617 1232 690 1307 dixi
710 1234 968 1331 quaestionem
982 1234 1033 1308 sic
1047 1236 1136 1308 satis
1151 1237 1238 1311 mihi
1253 1237 1385 1312 videor

254 1355 303 1428 ad
325 1355 464 1428 exitum
488 1354 715 1453 perduxisse.
738 1356 779 1429 ln
795 1381 870 1454 qua
884 1355 1120 1455 profliganda
1133 1358 1241 1434 simul
1256 1358 1384 1434 oblata

254 1493 310 1552 est
332 1477 500 1568 facultas,
525 1492 566 1551 ut
589 1499 665 1550 non
688 1477 809 1552 solum
833 1478 1017 1578 Orphicos
1031 1480 1127 1554 inter
1139 1480 1384 1580 philosophos

255 1599 440 1674 numerari
467 1624 491 1672 a
520 1599 699 1673 Pnnrons
722 1599 1030 1693 demonstrarem,
1054 1628 1184 1676 verum
1208 1604 1321 1678 etiam
1344 1619 1385 1677 ut

255 1746 493 1820 exponerem,
522 1721 612 1818 quid
635 1721 683 1795 de
706 1723 850 1796 ratione
874 1723 1053 1821 mythis
1076 1739 1114 1798 et
1136 1725 1276 1823 poesi
1300 1751 1383 1800 cum

256 1842 492 1942 philosophia
519 1844 771 1919 intercedente
798 1861 978 1920 censeret.

309 1965 518 2060 Quominus
541 1981 666 2040 autem
682 1968 731 2040 ad
744 1965 911 2065 singulos
924 1969 1139 2043 tractandos
1153 1951 1386 2044 transeamos

257 2086 514 2186 philosophos
552 2074 704 2163 obstant
741 2088 930 2181 nonnulla,
958 2089 1007 2164 de
1035 2092 1167 2189 quibus
1194 2108 1385 2191 postremo

258 2210 388 2309 prioris
417 2211 532 2308 partis
559 2212 681 2310 capite
707 2212 870 2287 breviter
896 2237 978 2286 sum
1006 2213 1178 2290 dicturus.

251 2377 443 2396 ‘⁸'-

260 2458 305 2508 der
330 2455 550 2523 eigenthtlmliche
575 2456 675 2506 Zauber
694 2457 766 2522 aber,
783 2455 829 2506 der
846 2472 895 2506 uns
913 2472 958 2506 nus
978 2456 1114 2508 derselben
1132 2458 1329 2524 entgegentritt,
1343 2459 1387 2508 he-

258 2543 317 2595 mht
341 2543 435 2608 gerede
459 2542 506 2593 auf
523 2542 570 2593 der
586 2541 696 2607 innigen
715 2541 902 2610 Vermthlung,
920 2543 1018 2593 welche
1037 2543 1127 2594 Poesie
1146 2545 1201 2595 und
1218 2545 1387 2610 Philosophia

259 2629 287 2680 in
305 2629 346 2679 ihr
365 2629 500 2694 vollzogen
518 2627 631 2679 haben.”

302 2717 414 2782 Rortot,
438 2715 547 2782 Psyche,
565 2731 624 2782 pag.
646 2724 711 2781 571:
731 2715 784 2780 ‚Er
802 2715 884 2766 selbst
902 2715 967 2766 wird
984 2716 1068 2783 vortig
1085 2717 1141 2767 ond
1158 2717 1312 2768 unverstellt
1330 2734 1389 2768 zum

260 2801 456 2868 theologischen
475 2802 593 2868 Dichter,
610 2818 651 2851 wo
669 2817 706 2868 er,
723 2801 790 2852 nach
805 2802 864 2853 dem
880 2801 993 2853 Vorbild
1008 2803 1053 2854 der
1068 2803 1234 2854 erbanlichen
1244 2804 1390 2871 Dichtnng,

260 2887 303 2938 die
327 2887 477 2939 Erlebnisse
495 2888 542 2938 der
561 2887 635 2938 Seele
653 2887 782 2938 zwischen
799 2889 863 2939 zwei
882 2888 1018 2940 Stationen
1038 2890 1084 2940 der
1101 2889 1232 2941 irdischen
1250 2890 1389 2941 Wallsahrt

261 2974 377 3040 ummah,
395 2974 458 3024 oder
476 2973 519 3024 die
537 2972 715 3038 Stut'eng'tnge
730 2973 855 3025 irdischer
868 2973 1044 3026 Lebensltufe
1057 2975 1215 3043 beschreibt,
1230 2977 1272 3027 die
1281 2975 1390 3026 bissum

260 3061 340 3112 Thier
357 3061 400 3112 die
419 3061 495 3113 Seele
511 3060 754 3112 hinunterhthren.''
