3724 5576
836 713 880 785 ³5

347 883 520 959 Arbitror
560 885 657 959 hanc
703 911 854 985 quoque
898 887 1157 984 quaestionem
1200 911 1315 984 opere
1352 887 1422 960 hoc

291 1033 373 1080 esse
410 1008 656 1098 tractandam,
694 1008 813 1082 dirimi
849 1035 942 1083 vero
981 1034 1055 1084 non
1086 1034 1208 1107 posse,
1239 1009 1305 1082 nisi
1334 1009 1422 1106 quid

291 1129 340 1202 de
376 1128 608 1229 philosophis
643 1128 712 1204 illis
739 1132 838 1205 dicat
867 1133 1005 1223 Panto,
1035 1146 1193 1222 constet,
1222 1146 1261 1204 et
1288 1130 1423 1204 deinde

291 1252 363 1326 hoc
384 1278 468 1326 cum
489 1253 543 1346 iis,
560 1277 658 1351 quae
672 1251 820 1330 aliunde
835 1255 883 1328 de
897 1255 955 1327 his
969 1255 1041 1328 sint
1056 1269 1157 1344 nota,
1173 1269 1420 1350 comparetur.

351 1491 407 1540 11.
438 1467 479 1541 B.
510 1467 651 1561 Quod
688 1469 746 1542 ad
785 1467 1119 1566 philosophos
1157 1467 1237 1564 qui
1267 1465 1423 1542 Plato-

290 1613 390 1662 nem
413 1590 707 1664 antecedunt.
730 1589 838 1688 Opus
851 1606 908 1664 cst
923 1590 1033 1688 igitur
1044 1588 1423 1688 prae-Socraticorum

289 1710 598 1808 philosophorum
634 1713 858 1812 cognitione.
901 1711 973 1786 Hic
1010 1737 1100 1787 vcro
1140 1712 1265 1786 nescio
1298 1737 1422 1786 annon

289 1849 390 1908 recte
427 1859 540 1931 supra
572 1835 738 1922 dixerim,
767 1835 987 1933 ampliorem
1016 1861 1085 1909 nos
1112 1834 1256 1909 illorum
1284 1833 1422 1908 habere

289 1955 459 2029 notitiam
488 1982 601 2055 quam
631 1958 851 2032 Pnnronnnr.
882 1958 995 2032 Certe
1018 1982 1094 2032 non
1117 1957 1278 2030 minores
1302 1981 1423 2054 paene

290 2077 412 2150 dicam
436 2080 618 2175 praebent
642 2078 877 2154 difficultates
892 2105 1006 2179 quam
1021 2081 1101 2177 ipse
1116 2079 1254 2152 Panno
1273 2077 1422 2176 Nempe

289 2224 373 2272 cum
411 2201 518 2274 huius
555 2203 635 2300 ipsa
671 2201 805 2276 saltem
834 2204 970 2301 scripta
997 2202 1047 2275 ad
1076 2227 1145 2275 nos
1173 2201 1421 2298 pervenerint,

290 2321 453 2420 priorum
490 2323 797 2422 philosophorum
835 2323 972 2422 placita
1000 2324 1144 2398 nonnisi
1173 2347 1219 2396 cx
1247 2321 1421 2420 reliquiis

291 2444 391 2541 apud
419 2443 512 2519 alios
541 2447 709 2538 servatis,
739 2463 804 2522 aut
832 2473 878 2520 ex
906 2447 959 2536 iis,
984 2471 1083 2544 quae
1107 2445 1155 2518 de
1178 2443 1247 2518 illis
1261 2469 1416 2518 commc-

291 2583 438 2641 morant
465 2567 537 2660 alii‚
568 2584 658 2642 nota
685 2585 781 2644 sunt.
795 2567 821 2667 ¹)
849 2569 908 2642 Ex
934 2569 1012 2642 istis
1039 2583 1167 2642 autem
1190 2567 1224 2658 ii,
1250 2568 1311 2665 qui
1335 2581 1422 2664 post

290 2687 499 2763 Pnnronan
513 2706 552 2765 et
568 2689 842 2766 Anrsromau
857 2692 1014 2782 suerunt,
1032 2691 1156 2788 spuria
1171 2689 1322 2764 tradunt
1334 2714 1421 2762 non·

294 2836 496 2909 nunquam,
534 2828 649 2911 atque
686 2813 831 2888 illorum
859 2814 1047 2888 doctrinas
1075 2839 1150 2887 non
1178 2837 1263 2886 raro
1291 2837 1423 2910 parum

291 2952 561 3031 perspexerunt
584 2936 746 3036 ideoque
769 2962 946 3035 perverse
964 2961 1079 3034 saepe
1094 2935 1323 3034 interpretati
1338 2950 1425 3008 sunt

291 3071 356 3129 aut
378 3057 493 3131 etiam
515 3083 691 3156 perverse
714 3058 943 3134 rettulerunt.
971 3060 1169 3132 Praeterea
1193 3057 1240 3132 de
1260 3056 1424 3155 plurimis

292 3203 422 3252 eorum
458 3223 510 3236 —
548 3205 595 3255 ne
632 3182 753 3256 dicam
785 3183 833 3257 de
861 3183 1033 3256 omnibus
1060 3225 1112 3236 —
1141 3180 1298 3255 dubitari
1327 3178 1422 3270 licet,

293 3316 414 3375 utrum
451 3301 539 3400 ipsis
576 3303 624 3378 de
661 3305 794 3402 quibus
826 3321 944 3404 agunt
972 3302 1278 3402 philosophorum
1308 3301 1423 3398 operi·

292 3424 361 3496 bus
397 3423 451 3496 usi
488 3425 570 3517 sint,
609 3449 656 3500 an
692 3427 744 3519 iis,
783 3451 881 3526 quae
914 3425 976 3500 alii
1004 3450 1051 3499 cx
1078 3425 1135 3498 his
1161 3438 1423 3522 excerpserunt

292 3560 357 3648 aut
392 3565 791 3623 commemoraverunt.
804 3547 831 3647 2)
869 3549 1028 3623 Restant
1065 3548 1174 3647 igitur
1202 3545 1424 3645 cognitionis

338 3791 362 3859 t)
388 3792 429 3842 Cf.
453 3793 559 3858 Bdcxtt,
584 3792 729 3860 Encyclop.
755 3809 814 3860 pag.
842 3803 906 3860 579:
933 3795 1001 3858 „Die
1027 3793 1155 3844 Schriften
1180 3793 1225 3842 der
1244 3791 1422 3857 Philosophen

291 3877 351 3929 sind
375 3878 418 3929 die
441 3880 643 3930 unmittelbnren
669 3881 783 3943 Quellen
808 3881 848 3930 fiir
871 3881 927 3932 ihre
952 3881 1044 3946 eigene
1070 3880 1163 3930 Lehre.
1182 3876 1423 3944 Xenophon’s,

291 3965 447 4016 Platon's
471 3966 526 4016 und
552 3967 772 4017 Aristoteles’
798 3968 893 4018 Werke
919 3967 979 4017 sind
1002 3968 1065 4017 aber
1088 3965 1207 4032 zugleich
1230 3965 1274 4014 dic
1298 3964 1422 4014 raveriis·

291 4052 388 4118 sigsten
413 4041 587 4104 historischen
612 4055 724 4117 Quellen
749 4055 790 4104 sur
814 4055 856 4106 die
880 4055 1036 4106 Geschichte
1057 4055 1104 4104 der
1122 4054 1227 4104 irdhern
1247 4053 1372 4118 system,
1390 4053 1424 4102 da

292 4153 344 4188 von
361 4139 413 4188 den
431 4138 536 4190 frtihem
556 4140 734 4207 Philosophen
752 4157 801 4192 nur
821 4142 976 4209 Fragmenta
995 4141 1112 4192 erhnlten
1132 4139 1218 4191 sind.”

336 4225 478 4292 Gomnz,
505 4226 673 4278 Griechische
692 4228 800 4279 Denker
819 4228 831 4277 1
850 4245 911 4294 pag.
929 4242 996 4291 422:
1017 4228 1097 4292 „Die
1117 4243 1220 4294 ganze
1239 4225 1424 4277 vor-sokra-

293 4311 403 4362 tische
422 4313 649 4380 Philosophie
667 4315 778 4366 bildet
797 4313 852 4366 eih
871 4317 1023 4382 einziges
1040 4312 1314 4365 Triimmerield.'’

336 4397 377 4450 Cf.
396 4399 432 4448 H.
451 4401 545 4466 thts,
563 4401 733 4467 Doxographi
752 4403 853 4452 Gracci.
872 4402 987 4452 Berolini
1007 4401 1255 4452 MDCCCLXXIX.

337 4481 365 4555 2)
385 4485 426 4535 Cf.
444 4501 468 4536 e.
478 4501 503 4552 g.
529 4486 561 4537 de
585 4495 639 4538 arte
657 4487 816 4554 linguisticn,
835 4505 902 4555 quae
921 4487 1275 4554 dicitur,STn1rt·rttA1,0.l.
1295 4502 1355 4552 pag.
1375 4499 1423 4551 39:

294 4571 369 4636 „Wie
393 4587 442 4622 uus
466 4573 614 4640 tiberhaupt
636 4575 679 4624 die
697 4576 909 4642 vorplatonische
928 4575 1098 4640 Philosophie
1118 4575 1164 4626 der
1182 4573 1311 4625 Griechen
1330 4589 1379 4623 nur
1396 4575 1424 4623 in

292 4659 487 4710 Bruchstttcken
512 4661 581 4711 ihrer
603 4661 763 4713 Denkmttler
780 4663 835 4713 und
853 4664 881 4714 in
900 4663 951 4714 den
972 4662 1111 4713 Berichten
1132 4663 1176 4712 der
1194 4667 1298 4726 spdtern
1318 4661 1425 4710 Denker

293 4747 357 4797 tiber
379 4747 417 4797 sie
441 4745 558 4799 erhnlteu
583 4747 628 4815 ist,
650 4765 679 4799 so
703 4749 769 4800 auch
793 4749 849 4801 ihre
872 4751 983 4801 Ansicht
1002 4765 1054 4800 von
1074 4749 1119 4798 der
1139 4747 1261 4813 Sprache.
1280 4747 1346 4797 Hier
1364 4747 1424 4796 sind
