3698 5574
973 713 1045 784 ¹50

437 917 574 964 vocare
611 917 695 966 eam
731 891 815 966 licet
852 935 903 946 -
938 891 1127 964 Punaorus
1163 891 1209 964 sit
1236 892 1398 990 propria,
1429 891 1570 966 locutio

438 1014 486 1088 de
514 1039 589 1110 qua
617 1015 674 1087 hic
702 1014 835 1112 agitur,
864 1014 893 1088 si
922 1039 1012 1088 vera
1040 1028 1126 1086 sunt
1153 1037 1199 1086 ea
1229 1039 1328 1110 quae
1355 1039 1469 1112 supra
1499 1015 1569 1088 dis·

437 1137 544 1226 serui,
574 1137 760 1234 proverbii
789 1136 928 1210 habeat
955 1136 1041 1209 vim.
1078 1134 1278 1210 Praeterea
1307 1137 1447 1233 optime
1475 1137 1570 1209 haec

438 1257 603 1331 definitio
642 1259 843 1354 quadraret
877 1259 926 1332 ad
963 1281 1020 1346 ea,
1059 1282 1157 1352 quae
1194 1257 1241 1329 de
1279 1257 1421 1355 Orphei
1459 1274 1569 1331 cantu

439 1382 643 1454 traduntur.
669 1380 745 1454 Sed
769 1381 883 1454 etiam
899 1379 1000 1454 aliud
1015 1380 1103 1477 quid
1118 1394 1175 1452 est
1189 1380 1416 1454 tenendum:
1433 1405 1570 1478 nempe

439 1517 479 1575 ut
515 1519 677 1601 angusta
711 1503 805 1576 haec
831 1504 900 1592 vie,
930 1527 1044 1600 quam
1073 1502 1187 1576 habet
1215 1527 1290 1574 vox
1317 1498 1418 1604 ὑμνος
1447 1503 1567 1601 Legg.

442 1646 517 1719 700
533 1625 575 1716 B,
604 1625 675 1698 hoc
702 1624 786 1698 loco
814 1650 964 1724 quoque
993 1625 1026 1698 ei
1050 1624 1096 1696 sit
1119 1625 1297 1716 subiecta,
1324 1623 1401 1698 fieri
1419 1627 1570 1721 quidem

439 1761 576 1844 potest,
613 1789 665 1800 -
694 1772 816 1843 neque
845 1747 882 1819 id
910 1744 1144 1842 explicationi
1174 1771 1281 1820 meae
1311 1747 1489 1838 obstaret,
1519 1791 1570 1802 --

440 1868 591 1941 omnino
629 1884 755 1942 tamen
793 1893 868 1941 non
905 1883 962 1941 est
999 1892 1169 1940 necesse:
1207 1863 1308 1971 ὕμνος
1345 1893 1420 1941 non
1449 1866 1571 1941 solum

439 1989 630 2088 hymnum,
647 1990 795 2087 proprie
809 1989 959 2080 dictum,
975 1989 1042 2062 sed
1057 1989 1170 2062 etiam
1186 1987 1285 2062 aliud
1299 2015 1450 2063 carmen
1461 1990 1571 2088 signi-

440 2110 551 2186 ficare
577 2113 736 2186 videtur.

493 2235 725 2310 Testimonio
750 2252 807 2310 est
824 2235 918 2333 Rep.
937 2235 974 2309 X
992 2241 1066 2329 617
1083 2235 1113 2307 B
1129 2262 1225 2333 sqq.,
1242 2261 1317 2332 quo
1331 2233 1415 2309 loco
1432 2235 1572 2310 Parcae

439 2358 684 2457 sphaerarum
712 2359 929 2433 harmoniae
957 2357 1009 2432 ita
1037 2357 1206 2431 dicuntur
1229 2358 1409 2450 accinere‚
1434 2373 1475 2430 ut
1498 2383 1572 2432 una

441 2481 664 2578 praesentia,
703 2480 903 2578 praeterita
941 2478 1071 2570 altera,
1111 2479 1233 2553 sutura
1265 2495 1436 2578 tempora
1465 2480 1572 2554 tertia

440 2619 571 2678 canat:
602 2599 710 2695 ἄλλας
738 2602 774 2680 δὲ
804 2603 994 2706 καθημένας
1021 2597 1109 2706 πέριξ
1139 2597 1182 2680 δι’
1206 2611 1273 2680 ἴσου
1297 2612 1390 2706 τρεῖς,
1415 2605 1447 2680 ἐν
1471 2603 1570 2706 θρόνῳ

442 2722 593 2816 ἑκάστην,
627 2724 807 2828 θυγατέρας
833 2737 891 2818 τῆς
916 2719 1090 2827 Ἀνοίγκης,
1120 2731 1256 2827 Μοίρας,
1285 2721 1569 2828 λευχειμονούσας,

441 2847 614 2950 πέμματα
643 2848 690 2923 ἐπὶ
718 2861 779 2922 τών
809 2853 956 2948 κεραλονν
981 2842 1134 2949 ἐχοὺσας,
1159 2843 1309 2950 Λοῖχεσίν
1331 2879 1363 2924 τε
1378 2855 1434 2924 καὶ
1451 2845 1572 2924 Κλωθὼ

442 2971 498 3047 καῖ
530 2965 699 3074 Ἀτροπον,
737 2969 892 3072 ὑμνεῖν
930 2968 1007 3071 πρὸς
1032 2968 1092 3054 τὴν
1120 2983 1185 3046 τῶν
1211 2970 1367 3074 Σειρήνων
1398 2972 1570 3074 ἁρμονίαν,

441 3088 588 3195 Λοῖχεσιν
615 3090 675 3194 μὲν
703 3086 744 3168 τὰ
771 3089 939 3194 γεγονότα,
973 3087 1093 3167 Κλωθὼ
1122 3089 1158 3167 δὲ
1185 3085 1226 3168 τοὶ
1247 3089 1339 3181 ’ν’ντα,
1357 3087 1512 3195 Ἀτροπον
1537 3091 1573 3170 δὲ

440 3209 481 3291 τὰ
496 3212 660 3316 μέλλοντα
674 3221 790 3290 κ.τ.λ.;
807 3215 916 3316 ὑμνεῖν
932 3212 990 3285 hic
1004 3213 1215 3310 emphatice
1230 3238 1299 3310 pro
1313 3212 1467 3311 simplici
1483 3209 1573 3317 ᾄδειν

442 3335 580 3408 dictum
607 3360 702 3424 esse,
731 3335 820 3408 satis
848 3335 995 3408 videtur
1023 3335 1268 3431 perspicuum.
1304 3333 1420 3408 Simul
1448 3352 1573 3410 autem

442 3482 489 3530 ex
523 3455 706 3529 hocloco
734 3471 903 3553 apparet,
933 3472 1165 3552 quantopere
1195 3481 1308 3553 quam
1338 3457 1374 3529 in
1402 3457 1576 3555 interpre-

443 3579 559 3652 tando
579 3578 725 3674 Legum
740 3576 823 3650 loco
839 3593 987 3651 secutus
1001 3592 1059 3652 est
1073 3577 1257 3650 rationem
1274 3577 1430 3669 wenna,
1446 3605 1468 3652 a
1485 3603 1575 3653 vero
1699 3643 1703 3652 .

442 3700 661 3774 abhorreat:
698 3725 786 3772 nam
820 3701 923 3796 quod
955 3699 1013 3772 hic
1043 3698 1183 3773 Parcae
1211 3700 1366 3802 ὑμνεῖν
1396 3701 1577 3792 dicuntur,

443 3823 525 3920 quis
541 3823 739 3896 Parcarum
754 3822 944 3918 hymnos
959 3845 1069 3894 nosse
1085 3821 1293 3894 Puunouuu
1308 3847 1415 3896 exeo
1431 3823 1577 3896 efficiet?

496 3943 573 4018 Sed
600 3945 695 4017 haec
722 3945 923 4018 hactenus:
953 3943 983 4016 si
1012 3957 1070 4016 est
1098 3942 1310 4041 simpliciter
1338 3944 1575 4041 breviterque

443 4067 653 4156 dicendum,
684 4067 772 4163 quid
801 4067 848 4139 de
876 4064 961 4138 loco
991 4064 1163 4156 sentiam,
1192 4065 1286 4140 haec
1314 4066 1402 4139 mihi
1429 4067 1577 4140 videtur

443 4214 526 4263 esse
546 4189 626 4263 eius
640 4190 733 4262 ratio
748 4219 754 4261 :
771 4187 955 4286 significat
970 4189 1098 4261 Punro
1115 4188 1246 4262 diebus
1261 4186 1374 4278 iestis,
1386 4188 1578 4284 dequibus

442 4311 533 4408 agit,
575 4311 739 4384 carmina
777 4307 956 4383 nonnulla
985 4309 1066 4382 cani
1096 4309 1201 4383 nefas
1229 4335 1323 4400 esse,
1354 4311 1438 4383 licet
1462 4336 1576 4407 quam

442 4433 701 4506 dulcissimum
729 4441 877 4507 sonent:
904 4431 941 4504 id
969 4432 1071 4530 quod
1100 4446 1228 4504 tamen
1258 4457 1333 4505 non
1362 4433 1433 4505 hoc
1462 4433 1575 4505 modo

444 4555 626 4651 exprimit,
663 4556 730 4629 sed
767 4571 807 4628 ut
839 4570 896 4628 est
932 4564 1057 4651 poeta,
1094 4554 1257 4651 imagine
1295 4552 1355 4627 vel
1383 4579 1575 4652 compara·

443 4676 545 4750 tione
586 4703 684 4768 usne,
728 4702 802 4776 qua
838 4676 970 4752 clarius
1006 4674 1240 4751 dulcedinem
1278 4675 1379 4750 illam
1418 4677 1575 4751 indicet:
