3698 5574
781 669 846 738 181

299 860 532 935 Testimonio
567 876 672 936 sunt:
717 859 752 934 1⁰
789 861 896 959 ipsa
929 860 1106 958 quibus
1133 857 1290 930 utitur
1317 857 1378 930 Ti-

250 1005 373 1056 unnus
408 983 576 1074 verba,
615 1009 714 1080 quae
751 983 839 1081 quin
877 983 1031 1058 ironiam
1069 979 1288 1080 significent,
1317 980 1378 1054 vix

249 1104 394 1178 videtur
430 1105 588 1180 dubitari
625 1131 756 1204 posse:
791 1110 843 1198 ὡς
870 1103 1038 1210 ἔφασαν
1069 1147 1120 1158 -
1147 1135 1225 1181 που
1254 1147 1306 1157 -
1333 1136 1378 1207 γε

250 1271 299 1282 -
319 1231 362 1319 ὡς
385 1233 486 1306 οἰκεῖα
509 1229 768 1331 φασκόντων
788 1223 1060 1332 inmittam)
1088 1224 1125 1298 2⁰
1143 1224 1378 1300 universa

249 1347 344 1422 loci
368 1350 497 1424 ratio
522 1375 574 1424 ac
597 1347 907 1447 sententia,²)
928 1376 1012 1423 cum
1034 1375 1069 1422 a.
1092 1373 1377 1446 neccumsupe·

249 1471 404 1546 rioribus
431 1498 499 1547 nec
521 1500 605 1548 cum
630 1473 805 1571 proximis
828 1472 903 1547 ullo
927 1473 1041 1547 modo
1064 1473 1265 1547 cohaereat
1285 1472 1379 1545 haec

249 1594 388 1694 dialogi
417 1620 514 1692 pars,
540 1613 578 1670 et
600 1597 649 1670 ad
673 1597 792 1694 ipsam
817 1597 1105 1694 disputationem
1129 1595 1280 1670 omnino
1304 1619 1379 1668 non

249 1717 443 1815 pertineat,
468 1719 583 1793 immo
606 1745 690 1792 cum
714 1743 761 1792 ea
784 1744 954 1818 pugnare
977 1717 1166 1810 videatur,
1196 1720 1228 1792 b.
1254 1716 1381 1814 paucis

249 1840 417 1914 versibus
439 1839 681 1916 absolvantur
704 1867 762 1933 ea,
787 1868 885 1940 quae
909 1857 986 1916 tam
1010 1841 1142 1940 gravia
1161 1865 1244 1915 esse
1258 1840 1380 1914 dicun·

249 1978 318 2053 tur,
344 1979 385 2036 ut
409 1963 550 2037 maiora
573 1964 646 2038 sint
672 1990 786 2062 quam
810 1979 851 2038 ut
873 1988 896 2038 a
920 1964 1074 2037 Timauo
1093 1978 1379 2061 cognoscantur3
1418 2017 1420 2022 -

249 2111 276 2158 c.
306 2085 374 2158 nisi
402 2084 556 2160 ironiam
586 2102 739 2180 statuas,
767 2112 843 2161 non
867 2085 1113 2184 intellegatur,
1140 2086 1202 2183 qui
1226 2085 1380 2181 reliquo-

248 2233 329 2281 rum
354 2208 509 2282 deorum
533 2211 725 2284 enuntiare
748 2226 787 2284 et
809 2235 919 2284 nosse
943 2224 1076 2300 ortum,
1101 2235 1214 2306 supra
1236 2207 1380 2280 Trunur

248 2329 345 2403 vires
373 2355 456 2404 esse
483 2331 554 2406 dici
582 2332 710 2429 possit,
740 2331 879 2430 quippe
908 2331 970 2430 qui
998 2332 1046 2405 de
1074 2329 1165 2404 caeli
1195 2346 1233 2404 et
1260 2346 1380 2404 terrae

250 2451 392 2550 origine
425 2453 540 2528 modo
568 2480 714 2528 summa
741 2455 947 2554 sagacitate
976 2469 1014 2528 et
1040 2453 1191 2552 ingenio
1219 2453 1380 2550 disputa-

249 2575 361 2668 verit,
397 2577 433 2650 α’.
467 2601 515 2650 eo
547 2578 662 2652 modo
693 2593 956 2652 enumerentur
982 2577 1019 2650 hi
1047 2577 1108 2667 dii,
1137 2577 1200 2673 qui
1229 2602 1252 2650 a
1279 2601 1381 2650 reve-

250 2698 370 2772 rentia
393 2697 547 2773 multum
573 2701 680 2794 absit,
705 2727 788 2775 cum
813 2726 882 2774 nec
902 2725 1033 2775 omnes
1047 2700 1379 2791 afferatTmmns,

251 2820 317 2894 sed
342 2820 390 2895 ad
414 2821 602 2896 arbitrium
622 2822 761 2922 eligere
775 2822 973 2899 nonnullos
986 2823 1168 2913 videatur,
1184 2848 1252 2896 nec
1267 2823 1383 2896 verba

252 2943 385 3040 quibus
420 2944 558 3019 indicat
595 2971 661 3020 eos
697 2972 793 3044 quos
829 2947 965 3021 omittit
1001 2948 1075 3042 (και1
1107 2945 1173 3024 ὅσοι
1199 2940 1282 3048 μετὰ
1310 2940 1384 3022 τοὺ·

251 3099 312 3144 των
341 3111 392 3122 -
420 3065 535 3159 πάντες
562 3067 656 3160 ὅσους
684 3079 774 3172 ἴσμεν
798 3065 958 3171 ἀδελφοὺς
982 3068 1174 3171 λεγομένους
1197 3064 1314 3158 αὐτῶν,
1339 3063 1382 3144 ἔτι

250 3185 427 3267 τετούτων
463 3185 585 3282 ἄλλους
612 3191 791 3294 ἐκγόνους),
821 3216 895 3265 non
924 3206 1010 3264 sunt
1037 3189 1103 3262 viri
1132 3187 1379 3286 neglegentis

303 3311 478 3410 Denique
505 3312 634 3387 videas
662 3339 775 3410 quam
804 3313 897 3387 mira
920 3313 967 3386 sit
989 3311 1059 3386 loci
1082 3311 1379 3410 argumentatio:

251 3461 332 3508 cum
360 3435 409 3508 de
436 3435 536 3508 hisce
564 3436 675 3508 rebus
701 3435 823 3510 dicere
852 3435 970 3508 maius
997 3435 1043 3508 sit
1071 3460 1184 3532 quam
1205 3433 1308 3530 quod
1332 3433 1380 3506 ad

251 3581 329 3649 nos,
355 3556 384 3628 si
408 3573 535 3631 tamen
558 3582 786 3656 cognoscere
810 3582 877 3631 eas
899 3557 1078 3654 cupimus,
1093 3555 1268 3630 audiendi
1282 3572 1380 3645 sunt,

251 3681 311 3779 qui
334 3682 383 3755 de
407 3680 450 3752 iis
473 3698 586 3755 antea
608 3681 790 3771 dixerunt,
806 3680 944 3778 quippe
960 3679 1023 3777 qui
1039 3679 1155 3777 probe
1170 3704 1236 3752 eas
1251 3678 1378 3751 sciant.

253 3805 379 3878 Recte.
411 3802 467 3876 At
494 3827 609 3900 quam
637 3802 687 3874 ob
715 3826 792 3875 rem
820 3802 858 3875 hi
887 3800 981 3875 tales
1008 3826 1067 3874 res
1091 3801 1182 3874 scire
1205 3798 1380 3874 censendi

253 3929 356 4000 sunt?
379 3950 477 4022 quae
502 3940 559 3999 est
580 3950 704 4015 causa,
729 3950 792 3997 cur
816 3923 928 3997 fidem
952 3923 996 3996 iis
1018 3923 1246 3997 habeamus?
1266 3921 1380 4016 Quod

252 4049 349 4122 adii
375 4048 448 4122 sint
476 4046 641 4122 oriundi?
675 4046 789 4141 Quod
826 4046 874 4120 de
907 4045 983 4120 suis
1010 4045 1121 4118 rebus
1149 4043 1381 4117 renuntient?

253 4199 443 4210 ———-

253 4285 334 4334 auch*
349 4283 446 4334 nicht
463 4298 499 4332 so
518 4281 597 4331 weit
615 4279 696 4345 geht
714 4279 766 4329 als
785 4280 965 4346 Grote,....
980 4295 1010 4329 zu
1027 4293 1121 4343 sagea:
1138 4277 1381 4328 Phtonvemichtet

253 4369 305 4421 hier
329 4370 448 4421 formlicb
472 4369 520 4419 aus
540 4368 596 4418 scin
620 4367 726 4432 eigenes
745 4365 828 4418 Urteil
847 4366 901 4416 und
918 4365 1063 4415 untcrwirlt
1082 4364 1137 4414 sich
1155 4364 1202 4414 der
1219 4363 1380 4414 orthodoxen

256 4457 407 4508 Autoritdt.”

299 4543 400 4609 1)Nou
427 4543 536 4609 legitur:
564 4536 596 4596 ela
618 4535 697 4587 alula
719 4535 946 4600 ἀπαγγελλόντων,
969 4537 1016 4588 sed
1041 4533 1073 4593 ὃς
1097 4533 1176 4584 aluta
1192 4535 1383 4597 φασκόντων

253 4622 434 4705 baefir'mtvl

262 4706 319 4784 ὀ)
339 4714 379 4765 Cl.
399 4715 504 4764 Wuusx
522 4711 574 4762 o.l.
594 4725 672 4776 pagg.
694 4722 726 4760 12
745 4723 815 4775 sqq,
833 4709 879 4775 qui
897 4709 965 4758 bene
984 4707 1016 4757 de
1033 4707 1075 4758 his
1093 4707 1204 4758 disserit.
