3724 5576
1014 677 1062 749 50

467 853 651 926 constituto
686 878 731 926 an
768 851 896 950 aliquid
927 853 1094 927 momenti
1125 853 1292 942 iubeant,
1326 851 1596 925 examinandum

467 1000 546 1048 esse
572 975 662 1048 dicit.
674 972 700 1074 ¹)

518 1099 555 1170 In
589 1098 683 1170 omni
718 1114 838 1171 autem
864 1098 911 1171 de
937 1097 1083 1173 aliorum
1109 1098 1270 1172 doctrinis
1297 1096 1528 1195 disputatione
1558 1112 1596 1171 ut

465 1220 497 1292 in
524 1218 596 1293 aliis
618 1247 761 1317 semper
783 1221 830 1294 ad
853 1221 1158 1295 fundamenta
1179 1246 1246 1295 sua
1267 1220 1385 1295 omnia
1398 1236 1478 1294 sunt
1490 1245 1592 1294 revo-

465 1343 598 1416 canda:
629 1342 760 1440 Cratyl.
787 1344 935 1438 436D:
962 1348 1015 1422 δεῖ
1034 1345 1077 1430 δὴ
1102 1347 1192 1449 περὶ
1216 1357 1291 1436 τῆς
1314 1343 1456 1447 ἀρχῆς
1478 1343 1596 1434 παντὸς

465 1463 657 1570 πράγματος
679 1474 774 1544 παντὶ
798 1467 892 1570 α’νδρὶ
914 1469 969 1544 τὸν
992 1464 1093 1547 πολὺν
1119 1467 1215 1569 λόγον
1234 1467 1313 1544 εἶναι
1328 1472 1385 1544 καὶ
1398 1465 1457 1551 τὴν
1472 1465 1595 1551 πολλὴν

466 1590 591 1694 σκέψιν,
619 1599 676 1666 εἴτε
705 1591 803 1693 ὀρθῶς
827 1601 885 1666 εἴτε
908 1589 955 1694 μὴ
981 1589 1160 1668 ὑπόκειται·
1186 1590 1307 1680 ἐκείνης
1330 1584 1366 1665 δὲ
1380 1589 1597 1680 ἐξετασθείσης

430 1753 431 1758 ¹
466 1714 600 1814 ἱκανῶς,
635 1707 676 1788 τὰ
715 1707 809 1789 λοιπὰ
846 1717 1011 1815 φαίνεσθαι
1049 1715 1152 1816 ἐκείνῃ
1188 1710 1340 1813 ἑπόμενα.
1368 1708 1449 1784 Hoc
1477 1727 1596 1784 autem

465 1849 694 1931 praeceptum
730 1833 763 1906 in
799 1833 951 1929 priorum
978 1833 1154 1908 sententiis
1181 1832 1406 1906 aestimandis
1432 1832 1480 1905 ad
1506 1859 1597 1906 sum-

466 1981 563 2028 mam
599 1957 751 2028 tenuisse
787 1956 996 2043 PLATouuu,
1033 1957 1066 2029 in
1102 1955 1267 2051 proximis
1302 1981 1409 2053 spero
1446 1955 1521 2028 sore
1557 1972 1595 2029 ut

464 2094 648 2174 appareat.
692 2078 762 2151 Ad
797 2079 1031 2177 principia
1067 2103 1254 2175 semper
1289 2078 1507 2169 recurrit3
1546 2076 1592 2151 ad

463 2201 553 2274 haec
567 2226 710 2274 omnem
724 2201 829 2274 refert
841 2201 1110 2297 disputationem
1122 2236 1129 2292 3
1142 2198 1168 2297 2)
1183 2201 1210 2273 si
1220 2225 1314 2298 quae
1323 2215 1402 2273 sunt
1410 2198 1490 2289 alia,
1500 2216 1538 2273 ut
1546 2201 1594 2274 ita

464 2324 590 2412 dicam,
604 2323 755 2397 solitaria
768 2321 1055 2422 philosophomm
1069 2323 1208 2419 placita,
1223 2349 1303 2396 cum
1317 2323 1471 2420 ipsorum
1484 2339 1594 2419 syste-

464 2463 599 2519 matum
625 2445 813 2518 rationibus
835 2445 946 2517 minus
967 2443 1202 2534 cohaerentia,
1225 2445 1314 2518 haec
1337 2470 1462 2540 parum
1484 2461 1591 2518 curat.

466 2568 575 2660 Quod
596 2568 624 2640 si
646 2567 816 2640 memoria
837 2565 1020 2655 tenebitur,
1040 2565 1149 2640 multa
1162 2591 1295 2655 eorum,
1311 2591 1405 2663 quae
1418 2566 1465 2638 de
1477 2567 1593 2663 prion'-

464 2691 531 2764 bus
562 2688 863 2777 commemoravit,
891 2685 1057 2778 laudavit,
1084 2687 1255 2778 iudicavit,
1283 2689 1470 2786 perspicua
1497 2687 1590 2763 fient.

518 2903 639 2996 Quare
675 2928 720 2976 ne
750 2903 935 2976 credamus
969 2902 1018 2991 iis,
1048 2902 1108 2999 qui
1132 2900 1261 2975 nullam
1288 2902 1320 2976 in
1348 2903 1519 2977 Pmrom
1545 2905 1591 2977 hi-

464 3027 577 3099 storici
602 3041 763 3099 naturam
790 3041 900 3122 atque
927 3022 1079 3097 indolem
1106 3049 1186 3097 esse
1213 3025 1339 3098 dicunt.
1352 3021 1377 3120 ³)
1406 3025 1532 3100 Utrum
1559 3026 1592 3099 in

464 3146 603 3248 singulis
626 3147 793 3220 erraverit
813 3147 867 3218 hic
888 3145 1043 3218 nondum
1065 3145 1271 3219 diiudicabo.
1294 3146 1371 3219 Nec
1389 3162 1511 3220 tamen
1523 3147 1591 3220 hoc

466 3271 658 3368 quidquam
694 3268 741 3340 ad
776 3293 871 3341 rem:
899 3266 980 3340 vitia
1006 3293 1118 3364 saepe
1145 3294 1190 3341 ex
1216 3269 1446 3341 subsidiorum
1474 3271 1590 3366 inopia

462 3391 519 3466 vel
554 3391 721 3465 tenuitate
758 3391 931 3481 oriuntur3
968 3415 1034 3462 nec
1061 3390 1108 3462 ad
1135 3390 1383 3487 exponendam
1410 3390 1589 3466 historiam

463 3615 541 3681 cipue,
566 3614 584 3666 ὦ
611 3616 698 3678 Κέβης,
722 3615 740 3664 ἃ
764 3613 863 3678 λέγεις·
891 3612 933 3662 καὶ
958 3611 1101 3679 ἐξεπίτηδες
1125 3614 1248 3673 πολλάκις
1264 3615 1443 3678 ἀναλαμβάνω,
1459 3619 1499 3666 ἵνα
1516 3616 1551 3680 μή
1567 3637 1593 3667 τι

465 3699 576 3764 διαφύγῃ
593 3697 666 3761 ἡμᾶς,
683 3699 706 3746 ἐι
721 3697 752 3746 τέ
769 3715 794 3745 τι
813 3694 908 3758 βούλει,
925 3696 1029 3759 προσθῇς
1048 3695 1062 3753 li
1079 3695 1182 3760 ἀφέλῃς.

512 3786 536 3852 1)
554 3797 586 3851 95
597 3787 632 3834 B:
652 3785 722 3846 ἡμεῖς
740 3783 767 3833 δὲ
785 3785 921 3845 Ὁμηρικῶς
937 3781 1016 3846 ἔγγὺς
1027 3782 1105 3842 idme
1119 3783 1263 3846 πειρώμεθα,
1278 3783 1300 3834 εἷ
1314 3784 1362 3848 upa
1376 3803 1402 3834 τι
1418 3769 1508 3849 abysse.
1525 3785 1591 3834 Vide

461 3873 538 3922 etiam
562 3873 669 3922 Theaet.
698 3871 795 3935 157D:
822 3869 878 3934 (ἕως
906 3869 948 3932 ἂν)
978 3868 1012 3928 εἷς
1035 3876 1086 3932 φῶς
1108 3871 1138 3918 το
1161 3871 1204 3919 σοι
1226 3868 1310 3933 δόγμα
1335 3872 1515 3938 ξυνεξαγάγιν·
1539 3871 1594 3940 ἰξα-

462 3954 567 4019 χθίντος
584 3954 611 4005 δὲ
628 3957 683 4005 τότ’
702 3953 745 4011 ἤδη
763 3951 890 4012 σκέψομαι
907 3950 954 4000 rir‘
972 3951 1096 4011 εἰνεμιαῖον
1113 3950 1166 4002 lice
1181 3955 1282 4015 γόνιμον
1299 3953 1494 4016 ἀναφανήσεται.

509 4040 537 4106 2)
555 4041 595 4090 Cf.
615 4057 637 4090 e.
648 4057 672 4106 g.
692 4039 799 4088 Thenet.
820 4037 919 4086 160D:
939 4037 1081 4100 Παγκάλοις
1104 4037 1151 4100 ἄρα
1176 4057 1215 4088 σοι
1237 4036 1331 4101 ἄρηται
1348 4039 1387 4088 ὅτι
1405 4037 1534 4104 ὶπιστιῐμιι
1552 4040 1594 4091 οὐκ

462 4123 527 4172 ἄλλο
542 4125 572 4172 τί
584 4123 653 4173 ἐστιν
668 4125 682 4181 ἢ
698 4121 819 4179 dirimit,
836 4120 878 4169 καῖ
892 4120 938 4177 εἷς
956 4119 1076 4169 ταύτὸν
1093 4119 1340 4180 συμπέπτωκεν,
1355 4124 1422 4172 κατὰ
1431 4123 1593 4186 μὲνὍμηεον

462 4205 505 4254 καῖ
526 4204 685 4267 Ἠράκλειτον
709 4204 750 4252 καὶ
773 4207 822 4252 πᾶν
846 4203 875 4250 τὸ
896 4205 1009 4252 τοιοῦτον
1025 4205 1103 4264 Φῦλον
1121 4197 1169 4250 οἷον
1187 4201 1300 4264 ῥεύματα
1317 4203 1433 4252 κινεῖσθαι
1450 4207 1485 4254 τοι
1502 4205 1594 4262 πάντα,

462 4289 529 4335 κατὰ
554 4285 580 4335 δὲ
602 4285 767 4349 Πρωτάιγοραν
784 4286 828 4332 τὸν
845 4281 993 4344 σοφώτατον
1011 4283 1109 4333 πάντων
1127 4284 1264 4346 χρημάτων
1282 4284 1402 4347 ἄνθρωπον
1420 4287 1509 4350 μέτρον
1526 4284 1596 4345 εἶναι,

462 4371 529 4418 κατὰ
546 4368 572 4417 δὲ
590 4371 728 4426 Θεαίτητον
747 4365 842 4415 τούτοιν
863 4365 940 4423 οὕτως
958 4363 1067 4428 ἐχόντων
1084 4365 1197 4424 dicineo
1215 4366 1357 4429 ἐπιστήμην
1372 4370 1514 4433 γίγνεσθαι.

509 4455 537 4520 3)
556 4455 585 4504 F.
606 4456 718 4518 Wunsn,
737 4451 900 4500 Platonischc
920 4451 1030 4499 Notizen
1050 4453 1114 4500 tiber
1133 4451 1262 4516 Orpheus.
1281 4454 1414 4504 Mttnchen
1437 4454 1513 4520 1899.
1533 4473 1592 4522 pag.

464 4552 512 4603 43:
538 4541 595 4604 „Zu
620 4541 690 4590 dem
715 4537 780 4588 auch
806 4538 848 4586 bei
874 4537 972 4586 andern
999 4537 1105 4587 antiken
1133 4539 1248 4588 Antoren
1267 4540 1306 4589 oft
1324 4541 1383 4590 sehr
1401 4543 1473 4592 stark
1488 4544 1593 4592 hervor-

464 4627 598 4675 tretcnden
628 4623 762 4690 Mungel
789 4639 827 4672 an
856 4623 1164 4687 geschichtlichem
1193 4625 1296 4676 Siune
1320 4627 1420 4679 kommt
1437 4630 1480 4678 bei
1499 4630 1591 4679 Platon

463 4713 531 4764 noch
550 4721 629 4763 etwas
648 4709 792 4762 Auderes‚”
