<?xml version="1.0" encoding="UTF-8"?>
<!DOCTYPE html PUBLIC "-//W3C//DTD XHTML 1.0 Transitional//EN"
    "http://www.w3.org/TR/xhtml1/DTD/xhtml1-transitional.dtd">
<html xmlns="http://www.w3.org/1999/xhtml" xml:lang="en" lang="en">
 <head>
  <title>
</title>
<meta http-equiv="Content-Type" content="text/html;charset=utf-8" />
  <meta name='ocr-system' content='tesseract 3.04.00' />
  <meta name='ocr-capabilities' content='ocr_page ocr_carea ocr_par ocr_line ocrx_word'/>
</head>
<body>
  <div class='ocr_page' id='page_1' title='image "./deplatonepraeso01woltgoog_0202.png"; bbox 0 0 3698 5574; ppageno 0'>
   <div class='ocr_carea' id='block_1_1' title="bbox 783 633 851 725">
    <p class='ocr_par' dir='ltr' id='par_1_1' title="bbox 783 633 851 725">
     <span class='ocr_line' id='line_1_1' title="bbox 783 633 851 725; baseline 0 -21"><span class='ocrx_word' id='word_1_1' title='bbox 783 633 851 725; x_wconf 89' lang='lat'>185</span> 
     </span>
    </p>
   </div>
   <div class='ocr_carea' id='block_1_2' title="bbox 248 825 1452 2518">
    <p class='ocr_par' dir='ltr' id='par_1_2' title="bbox 248 825 1452 2275">
     <span class='ocr_line' id='line_1_2' title="bbox 253 825 1382 927; baseline 0.004 -28"><span class='ocrx_word' id='word_1_2' title='bbox 253 849 395 901; x_wconf 69' lang='lat' dir='ltr'>nauum</span> <span class='ocrx_word' id='word_1_3' title='bbox 436 826 527 902; x_wconf 90' lang='lat' dir='ltr'>vitio</span> <span class='ocrx_word' id='word_1_4' title='bbox 564 828 628 902; x_wconf 91' lang='lat' dir='ltr'>dat</span> <span class='ocrx_word' id='word_1_5' title='bbox 663 825 918 927; x_wconf 87' lang='lat' dir='ltr'>explicationis</span> <span class='ocrx_word' id='word_1_6' title='bbox 953 829 1075 927; x_wconf 86' lang='lat' dir='ltr'>gratia</span> <span class='ocrx_word' id='word_1_7' title='bbox 1110 830 1182 904; x_wconf 94' lang='lat' dir='ltr'>huc</span> <span class='ocrx_word' id='word_1_8' title='bbox 1218 829 1382 905; x_wconf 80' lang='lat' dir='ltr'>referens</span> 
     </span>
     <span class='ocr_line' id='line_1_3' title="bbox 251 948 1385 1050; baseline 0.003 -27"><span class='ocrx_word' id='word_1_9' title='bbox 251 974 349 1045; x_wconf 88' lang='lat' dir='ltr'>quae</span> <span class='ocrx_word' id='word_1_10' title='bbox 386 948 497 1048; x_wconf 89' lang='lat' dir='ltr'>plane</span> <span class='ocrx_word' id='word_1_11' title='bbox 528 968 614 1024; x_wconf 90' lang='lat' dir='ltr'>sunt</span> <span class='ocrx_word' id='word_1_12' title='bbox 641 951 808 1027; x_wconf 90' lang='lat' dir='ltr'>diversa:</span> <span class='ocrx_word' id='word_1_13' title='bbox 839 953 934 1050; x_wconf 89' lang='lat' dir='ltr'>Rep.</span> <span class='ocrx_word' id='word_1_14' title='bbox 965 953 999 1024; x_wconf 92' lang='lat'>11</span> <span class='ocrx_word' id='word_1_15' title='bbox 1031 958 1106 1048; x_wconf 84' lang='lat'>364</span> <span class='ocrx_word' id='word_1_16' title='bbox 1135 952 1168 1026; x_wconf 93' lang='lat' dir='ltr'><strong>E</strong></span> <span class='ocrx_word' id='word_1_17' title='bbox 1196 979 1279 1050; x_wconf 89' lang='lat' dir='ltr'><strong>sqq.</strong></span> <span class='ocrx_word' id='word_1_18' title='bbox 1308 953 1385 1026; x_wconf 79' lang='lat' dir='ltr'>alii</span> 
     </span>
     <span class='ocr_line' id='line_1_4' title="bbox 251 1071 1382 1178; baseline 0.006 -34"><span class='ocrx_word' id='word_1_19' title='bbox 251 1071 445 1170; x_wconf 87' lang='lat' dir='ltr'>Orpheum</span> <span class='ocrx_word' id='word_1_20' title='bbox 482 1087 522 1147; x_wconf 89' lang='lat' dir='ltr'>et</span> <span class='ocrx_word' id='word_1_21' title='bbox 559 1073 756 1148; x_wconf 90' lang='lat' dir='ltr'>Musaeum</span> <span class='ocrx_word' id='word_1_22' title='bbox 794 1077 937 1167; x_wconf 71' lang='grc' dir='ltr'>Σελήνης</span> <span class='ocrx_word' id='word_1_23' title='bbox 973 1106 1005 1152; x_wconf 91' lang='grc' dir='ltr'>τε</span> <span class='ocrx_word' id='word_1_24' title='bbox 1036 1079 1092 1154; x_wconf 75' lang='grc' dir='ltr'>καὶ</span> <span class='ocrx_word' id='word_1_25' title='bbox 1124 1089 1262 1154; x_wconf 80' lang='grc' dir='ltr'><strong>Μουσῶν</strong></span> <span class='ocrx_word' id='word_1_26' title='bbox 1293 1074 1382 1178; x_wconf 80' lang='grc' dir='ltr'><strong>ἐγγό-</strong></span> 
     </span>
     <span class='ocr_line' id='line_1_5' title="bbox 248 1191 1386 1302; baseline 0 -32"><span class='ocrx_word' id='word_1_27' title='bbox 248 1225 323 1284; x_wconf 88' lang='grc' dir='ltr'><strong>νους</strong></span> <span class='ocrx_word' id='word_1_28' title='bbox 359 1193 505 1288; x_wconf 71' lang='lat' dir='ltr'>dicunt,</span> <span class='ocrx_word' id='word_1_29' title='bbox 521 1191 548 1293; x_wconf 89' lang='lat'>¹)</span> <span class='ocrx_word' id='word_1_30' title='bbox 585 1195 683 1271; x_wconf 89' lang='lat' dir='ltr'>Tim.</span> <span class='ocrx_word' id='word_1_31' title='bbox 723 1221 774 1290; x_wconf 89' lang='lat'>40</span> <span class='ocrx_word' id='word_1_32' title='bbox 790 1197 827 1270; x_wconf 91' lang='lat' dir='ltr'>D</span> <span class='ocrx_word' id='word_1_33' title='bbox 855 1200 885 1274; x_wconf 89' lang='grc' dir='ltr'>οἱ</span> <span class='ocrx_word' id='word_1_34' title='bbox 912 1196 1071 1300; x_wconf 69' lang='grc' dir='ltr'>εἰρηκότες</span> <span class='ocrx_word' id='word_1_35' title='bbox 1104 1193 1276 1302; x_wconf 74' lang='grc' dir='ltr'><strong>ἔμπροσθεν</strong></span> <span class='ocrx_word' id='word_1_36' title='bbox 1307 1197 1386 1292; x_wconf 64' lang='lat' dir='ltr'>ipsi</span> 
     </span>
     <span class='ocr_line' id='line_1_6' title="bbox 248 1316 1384 1417; baseline 0.004 -29"><span class='ocrx_word' id='word_1_37' title='bbox 248 1340 289 1388; x_wconf 90' lang='lat' dir='ltr'>se</span> <span class='ocrx_word' id='word_1_38' title='bbox 335 1316 489 1390; x_wconf 91' lang='lat' dir='ltr'>deorum</span> <span class='ocrx_word' id='word_1_39' title='bbox 535 1318 753 1417; x_wconf 85' lang='lat' dir='ltr'>progeniem</span> <span class='ocrx_word' id='word_1_40' title='bbox 799 1344 881 1394; x_wconf 88' lang='lat' dir='ltr'>esse</span> <span class='ocrx_word' id='word_1_41' title='bbox 919 1319 1154 1416; x_wconf 80' lang='lat' dir='ltr'>profitentur3</span> <span class='ocrx_word' id='word_1_42' title='bbox 1189 1335 1384 1417; x_wconf 91' lang='lat' dir='ltr'>praeterea</span> 
     </span>
     <span class='ocr_line' id='line_1_7' title="bbox 250 1439 1452 1545; baseline 0.005 -35"><span class='ocrx_word' id='word_1_43' title='bbox 250 1439 344 1536; x_wconf 90' lang='lat' dir='ltr'>Rep.</span> <span class='ocrx_word' id='word_1_44' title='bbox 376 1440 409 1512; x_wconf 93' lang='lat' dir='ltr'>II</span> <span class='ocrx_word' id='word_1_45' title='bbox 443 1446 517 1534; x_wconf 86' lang='lat'>364</span> <span class='ocrx_word' id='word_1_46' title='bbox 546 1439 744 1534; x_wconf 73' lang='grc' dir='ltr'>ΕΣελῇνης</span> <span class='ocrx_word' id='word_1_47' title='bbox 767 1474 798 1520; x_wconf 90' lang='grc' dir='ltr'>τε</span> <span class='ocrx_word' id='word_1_48' title='bbox 823 1445 879 1520; x_wconf 86' lang='grc' dir='ltr'>καὶ</span> <span class='ocrx_word' id='word_1_49' title='bbox 904 1455 1042 1521; x_wconf 69' lang='grc' dir='ltr'><strong>Μουσῶν</strong></span> <span class='ocrx_word' id='word_1_50' title='bbox 1066 1439 1190 1545; x_wconf 78' lang='grc' dir='ltr'><strong>ἔγγονοι</strong></span> <span class='ocrx_word' id='word_1_51' title='bbox 1214 1441 1384 1515; x_wconf 90' lang='lat' dir='ltr'>dicuntur</span> <span class='ocrx_word' id='word_1_52' title='bbox 1451 1521 1452 1526; x_wconf 53' lang='grc'>,</span> 
     </span>
     <span class='ocr_line' id='line_1_8' title="bbox 251 1559 1385 1669; baseline 0.007 -36"><span class='ocrx_word' id='word_1_53' title='bbox 251 1559 426 1659; x_wconf 86' lang='lat' dir='ltr'>Orpheus</span> <span class='ocrx_word' id='word_1_54' title='bbox 459 1578 498 1636; x_wconf 91' lang='lat' dir='ltr'>et</span> <span class='ocrx_word' id='word_1_55' title='bbox 527 1563 717 1655; x_wconf 86' lang='lat' dir='ltr'>Musaeus,</span> <span class='ocrx_word' id='word_1_56' title='bbox 747 1563 843 1638; x_wconf 89' lang='lat' dir='ltr'>Tim.</span> <span class='ocrx_word' id='word_1_57' title='bbox 875 1587 925 1656; x_wconf 92' lang='lat'>40</span> <span class='ocrx_word' id='word_1_58' title='bbox 950 1564 987 1637; x_wconf 94' lang='lat' dir='ltr'>D</span> <span class='ocrx_word' id='word_1_59' title='bbox 1011 1567 1041 1641; x_wconf 85' lang='lat' dir='ltr'>oi</span> <span class='ocrx_word' id='word_1_60' title='bbox 1064 1563 1220 1669; x_wconf 75' lang='grc' dir='ltr'>εἰρηκότες</span> <span class='ocrx_word' id='word_1_61' title='bbox 1246 1561 1385 1667; x_wconf 78' lang='grc' dir='ltr'><strong>ἔμπροσ-</strong></span> 
     </span>
     <span class='ocr_line' id='line_1_9' title="bbox 248 1683 1381 1790; baseline 0.002 -32"><span class='ocrx_word' id='word_1_62' title='bbox 248 1687 299 1759; x_wconf 87' lang='grc' dir='ltr'>θεν</span> <span class='ocrx_word' id='word_1_63' title='bbox 336 1683 501 1778; x_wconf 80' lang='lat' dir='ltr'>generali</span> <span class='ocrx_word' id='word_1_64' title='bbox 530 1685 680 1760; x_wconf 91' lang='lat' dir='ltr'>nomine</span> <span class='ocrx_word' id='word_1_65' title='bbox 706 1691 801 1764; x_wconf 79' lang='grc' dir='ltr'>θεῶν</span> <span class='ocrx_word' id='word_1_66' title='bbox 830 1687 983 1790; x_wconf 76' lang='grc' dir='ltr'><strong>ἐκγόνους</strong></span> <span class='ocrx_word' id='word_1_67' title='bbox 1010 1712 1052 1761; x_wconf 92' lang='lat' dir='ltr'>se</span> <span class='ocrx_word' id='word_1_68' title='bbox 1082 1683 1381 1783; x_wconf 86' lang='lat' dir='ltr'>appellaverunt:</span> 
     </span>
     <span class='ocr_line' id='line_1_10' title="bbox 249 1807 1382 1905; baseline 0.001 -25"><span class='ocrx_word' id='word_1_69' title='bbox 249 1811 311 1881; x_wconf 76' lang='grc' dir='ltr'>θεοὶ</span> <span class='ocrx_word' id='word_1_70' title='bbox 340 1822 465 1880; x_wconf 91' lang='lat' dir='ltr'>autem</span> <span class='ocrx_word' id='word_1_71' title='bbox 494 1807 531 1880; x_wconf 94' lang='lat' dir='ltr'>hi</span> <span class='ocrx_word' id='word_1_72' title='bbox 560 1807 622 1905; x_wconf 93' lang='lat' dir='ltr'>qui</span> <span class='ocrx_word' id='word_1_73' title='bbox 645 1808 790 1900; x_wconf 83' lang='lat' dir='ltr'>suerint,</span> <span class='ocrx_word' id='word_1_74' title='bbox 816 1833 889 1883; x_wconf 92' lang='lat' dir='ltr'>non</span> <span class='ocrx_word' id='word_1_75' title='bbox 914 1807 1021 1883; x_wconf 82' lang='lat' dir='ltr'>facile</span> <span class='ocrx_word' id='word_1_76' title='bbox 1044 1808 1263 1882; x_wconf 90' lang='lat' dir='ltr'>diiudicetur</span> <span class='ocrx_word' id='word_1_77' title='bbox 1286 1807 1382 1898; x_wconf 83' lang='lat' dir='ltr'>licet,</span> 
     </span>
     <span class='ocr_line' id='line_1_11' title="bbox 251 1927 1422 2006; baseline 0.005 -7"><span class='ocrx_word' id='word_1_78' title='bbox 251 1941 352 2001; x_wconf 90' lang='lat' dir='ltr'>certe</span> <span class='ocrx_word' id='word_1_79' title='bbox 374 1927 519 2003; x_wconf 92' lang='lat' dir='ltr'>Lunam</span> <span class='ocrx_word' id='word_1_80' title='bbox 545 1946 582 2004; x_wconf 91' lang='lat' dir='ltr'>et</span> <span class='ocrx_word' id='word_1_81' title='bbox 606 1930 737 2005; x_wconf 86' lang='lat' dir='ltr'>Musas</span> <span class='ocrx_word' id='word_1_82' title='bbox 755 1931 936 2005; x_wconf 86' lang='lat' dir='ltr'>incorum</span> <span class='ocrx_word' id='word_1_83' title='bbox 951 1956 1106 2006; x_wconf 89' lang='lat' dir='ltr'>numero</span> <span class='ocrx_word' id='word_1_84' title='bbox 1121 1930 1258 2006; x_wconf 87' lang='lat' dir='ltr'>relatas</span> <span class='ocrx_word' id='word_1_85' title='bbox 1272 1929 1385 2005; x_wconf 87' lang='lat' dir='ltr'>fuisse</span> <span class='ocrx_word' id='word_1_86' title='bbox 1420 1963 1422 1968; x_wconf 63' lang='grc'>’</span> 
     </span>
     <span class='ocr_line' id='line_1_12' title="bbox 252 2049 1384 2152; baseline 0.005 -30"><span class='ocrx_word' id='word_1_87' title='bbox 252 2049 300 2122; x_wconf 94' lang='lat' dir='ltr'>ab</span> <span class='ocrx_word' id='word_1_88' title='bbox 338 2066 499 2142; x_wconf 84' lang='lat' dir='ltr'>auctore,</span> <span class='ocrx_word' id='word_1_89' title='bbox 539 2052 659 2126; x_wconf 94' lang='lat' dir='ltr'>minus</span> <span class='ocrx_word' id='word_1_90' title='bbox 695 2068 752 2127; x_wconf 91' lang='lat' dir='ltr'>est</span> <span class='ocrx_word' id='word_1_91' title='bbox 787 2053 867 2127; x_wconf 90' lang='lat' dir='ltr'>veri</span> <span class='ocrx_word' id='word_1_92' title='bbox 903 2051 1072 2152; x_wconf 57' lang='lat' dir='ltr'>similei)</span> <span class='ocrx_word' id='word_1_93' title='bbox 1105 2055 1216 2149; x_wconf 84' lang='lat' dir='ltr'>Quae</span> <span class='ocrx_word' id='word_1_94' title='bbox 1253 2052 1384 2128; x_wconf 90' lang='lat' dir='ltr'>discre-</span> 
     </span>
     <span class='ocr_line' id='line_1_13' title="bbox 251 2171 1016 2275; baseline 0.007 -30"><span class='ocrx_word' id='word_1_95' title='bbox 251 2171 402 2268; x_wconf 88' lang='lat' dir='ltr'>pantiae</span> <span class='ocrx_word' id='word_1_96' title='bbox 429 2198 503 2248; x_wconf 93' lang='lat' dir='ltr'>non</span> <span class='ocrx_word' id='word_1_97' title='bbox 532 2173 632 2248; x_wconf 91' lang='lat' dir='ltr'>nihili</span> <span class='ocrx_word' id='word_1_98' title='bbox 660 2191 747 2252; x_wconf 92' lang='lat' dir='ltr'>sunt</span> <span class='ocrx_word' id='word_1_99' title='bbox 774 2177 973 2274; x_wconf 88' lang='lat' dir='ltr'>putandae.</span> <span class='ocrx_word' id='word_1_100' title='bbox 990 2173 1016 2275; x_wconf 81' lang='lat'>⁸)</span> 
     </span>
    </p>

    <p class='ocr_par' dir='ltr' id='par_1_3' title="bbox 251 2293 1385 2518">
     <span class='ocr_line' id='line_1_14' title="bbox 305 2293 1385 2396; baseline 0.004 -29"><span class='ocrx_word' id='word_1_101' title='bbox 305 2293 401 2368; x_wconf 88' lang='lat' dir='ltr'>Cum</span> <span class='ocrx_word' id='word_1_102' title='bbox 425 2322 536 2392; x_wconf 90' lang='lat' dir='ltr'>porro</span> <span class='ocrx_word' id='word_1_103' title='bbox 560 2296 597 2369; x_wconf 93' lang='lat' dir='ltr'>id</span> <span class='ocrx_word' id='word_1_104' title='bbox 617 2298 718 2395; x_wconf 93' lang='lat' dir='ltr'>quod</span> <span class='ocrx_word' id='word_1_105' title='bbox 739 2297 841 2372; x_wconf 89' lang='lat' dir='ltr'>addit</span> <span class='ocrx_word' id='word_1_106' title='bbox 856 2298 1014 2390; x_wconf 77' lang='lat' dir='ltr'>Wunsu,</span> <span class='ocrx_word' id='word_1_107' title='bbox 1031 2299 1079 2373; x_wconf 91' lang='lat' dir='ltr'>de</span> <span class='ocrx_word' id='word_1_108' title='bbox 1096 2295 1229 2372; x_wconf 92' lang='lat' dir='ltr'>nullius</span> <span class='ocrx_word' id='word_1_109' title='bbox 1248 2307 1385 2396; x_wconf 71' lang='lat' dir='ltr'>poetae</span> 
     </span>
     <span class='ocr_line' id='line_1_15' title="bbox 251 2415 1385 2518; baseline 0.002 -29"><span class='ocrx_word' id='word_1_110' title='bbox 251 2415 395 2515; x_wconf 85' lang='lat' dir='ltr'>origine</span> <span class='ocrx_word' id='word_1_111' title='bbox 417 2417 544 2492; x_wconf 89' lang='lat' dir='ltr'>divina</span> <span class='ocrx_word' id='word_1_112' title='bbox 567 2418 634 2493; x_wconf 90' lang='lat' dir='ltr'>nisi</span> <span class='ocrx_word' id='word_1_113' title='bbox 657 2419 798 2518; x_wconf 85' lang='lat' dir='ltr'>Orphei</span> <span class='ocrx_word' id='word_1_114' title='bbox 822 2435 860 2494; x_wconf 90' lang='lat' dir='ltr'>et</span> <span class='ocrx_word' id='word_1_115' title='bbox 885 2421 1030 2495; x_wconf 89' lang='lat' dir='ltr'>Musaei</span> <span class='ocrx_word' id='word_1_116' title='bbox 1054 2419 1281 2494; x_wconf 88' lang='lat' dir='ltr'>mentionem</span> <span class='ocrx_word' id='word_1_117' title='bbox 1307 2418 1385 2492; x_wconf 85' lang='lat' dir='ltr'>fieri</span> 
     </span>
    </p>
   </div>
   <div class='ocr_carea' id='block_1_3' title="bbox 245 2599 434 2612">
    <p class='ocr_par' dir='ltr' id='par_1_4' title="bbox 245 2599 434 2612">
     <span class='ocr_line' id='line_1_16' title="bbox 245 2599 434 2612; baseline -0.005 -2"><span class='ocrx_word' id='word_1_118' title='bbox 245 2599 434 2612; x_wconf 64' lang='lat'>.—</span> 
     </span>
    </p>
   </div>
   <div class='ocr_carea' id='block_1_4' title="bbox 250 2689 1391 4756">
    <p class='ocr_par' dir='ltr' id='par_1_5' title="bbox 250 2689 1388 2937">
     <span class='ocr_line' id='line_1_17' title="bbox 252 2689 1388 2756; baseline -0.005 -9"><span class='ocrx_word' id='word_1_119' title='bbox 252 2697 280 2747; x_wconf 92' lang='lat' dir='ltr'>in</span> <span class='ocrx_word' id='word_1_120' title='bbox 300 2697 386 2748; x_wconf 85' lang='lat' dir='ltr'>denen</span> <span class='ocrx_word' id='word_1_121' title='bbox 405 2697 448 2748; x_wconf 92' lang='lat' dir='ltr'>die</span> <span class='ocrx_word' id='word_1_122' title='bbox 467 2695 621 2747; x_wconf 84' lang='lat' dir='ltr'>Ansdriicke</span> <span class='ocrx_word' id='word_1_123' title='bbox 639 2693 665 2744; x_wconf 82' lang='grc' dir='ltr'>οἱ</span> <span class='ocrx_word' id='word_1_124' title='bbox 678 2691 783 2744; x_wconf 71' lang='lat' dir='ltr'>numni</span> <span class='ocrx_word' id='word_1_125' title='bbox 799 2689 929 2756; x_wconf 69' lang='grc' dir='ltr'><strong>ἓγγντίροι</strong></span> <span class='ocrx_word' id='word_1_126' title='bbox 948 2691 1004 2743; x_wconf 69' lang='grc' dir='ltr'>θοῦν</span> <span class='ocrx_word' id='word_1_127' title='bbox 1020 2691 1143 2750; x_wconf 71' lang='grc' dir='ltr'><strong>Μυοῦντος</strong></span> <span class='ocrx_word' id='word_1_128' title='bbox 1157 2695 1220 2746; x_wconf 84' lang='lat' dir='ltr'>oder</span> <span class='ocrx_word' id='word_1_129' title='bbox 1236 2689 1316 2756; x_wconf 72' lang='grc' dir='ltr'><strong>ὶγγνς</strong></span> <span class='ocrx_word' id='word_1_130' title='bbox 1330 2691 1388 2742; x_wconf 68' lang='grc' dir='ltr'>θεῶν</span> 
     </span>
     <span class='ocr_line' id='line_1_18' title="bbox 250 2778 1387 2850; baseline 0.002 -20"><span class='ocrx_word' id='word_1_131' title='bbox 250 2780 379 2844; x_wconf 70' lang='lat' dir='ltr'>movim</span> <span class='ocrx_word' id='word_1_132' title='bbox 404 2800 461 2834; x_wconf 86' lang='lat' dir='ltr'>u.a.</span> <span class='ocrx_word' id='word_1_133' title='bbox 487 2783 719 2849; x_wconf 80' lang='lat' dir='ltr'>augenscheinlich</span> <span class='ocrx_word' id='word_1_134' title='bbox 742 2783 867 2833; x_wconf 81' lang='lat' dir='ltr'>erweisen</span> <span class='ocrx_word' id='word_1_135' title='bbox 892 2784 985 2850; x_wconf 86' lang='lat' dir='ltr'>sollen,</span> <span class='ocrx_word' id='word_1_136' title='bbox 1009 2778 1106 2844; x_wconf 66' lang='grc' dir='ltr'>’ἐκγοννι</span> <span class='ocrx_word' id='word_1_137' title='bbox 1124 2778 1180 2830; x_wconf 70' lang='grc' dir='ltr'>θεῶν</span> <span class='ocrx_word' id='word_1_138' title='bbox 1197 2782 1235 2834; x_wconf 89' lang='lat' dir='ltr'>sei</span> <span class='ocrx_word' id='word_1_139' title='bbox 1254 2782 1283 2832; x_wconf 89' lang='lat' dir='ltr'>in</span> <span class='ocrx_word' id='word_1_140' title='bbox 1301 2783 1387 2833; x_wconf 87' lang='lat' dir='ltr'>seiner</span> 
     </span>
     <span class='ocr_line' id='line_1_19' title="bbox 254 2867 1088 2937; baseline -0.007 -15"><span class='ocrx_word' id='word_1_141' title='bbox 254 2871 408 2937; x_wconf 82' lang='lat' dir='ltr'>Bedeutung</span> <span class='ocrx_word' id='word_1_142' title='bbox 426 2871 482 2921; x_wconf 88' lang='lat' dir='ltr'>hier</span> <span class='ocrx_word' id='word_1_143' title='bbox 500 2871 607 2920; x_wconf 70' lang='lat' dir='ltr'>ihnlich</span> <span class='ocrx_word' id='word_1_144' title='bbox 625 2871 685 2922; x_wconf 88' lang='lat' dir='ltr'>dem</span> <span class='ocrx_word' id='word_1_145' title='bbox 702 2871 810 2925; x_wconf 70' lang='grc' dir='ltr'>παλαιός</span> <span class='ocrx_word' id='word_1_146' title='bbox 827 2869 891 2920; x_wconf 89' lang='lat' dir='ltr'>oder</span> <span class='ocrx_word' id='word_1_147' title='bbox 909 2867 989 2930; x_wconf 72' lang='grc' dir='ltr'><strong>ἱγγυς</strong></span> <span class='ocrx_word' id='word_1_148' title='bbox 1006 2867 1088 2918; x_wconf 62' lang='lat' dir='ltr'>inauf&#39;</span> 
     </span>
    </p>

    <p class='ocr_par' dir='ltr' id='par_1_6' title="bbox 253 2957 1389 3716">
     <span class='ocr_line' id='line_1_20' title="bbox 301 2957 1386 3025; baseline -0.002 -17"><span class='ocrx_word' id='word_1_149' title='bbox 301 2958 328 3025; x_wconf 89' lang='lat'>1)</span> <span class='ocrx_word' id='word_1_150' title='bbox 346 2958 378 3008; x_wconf 92' lang='lat' dir='ltr'>Id</span> <span class='ocrx_word' id='word_1_151' title='bbox 388 2957 459 3023; x_wconf 92' lang='lat' dir='ltr'>quod</span> <span class='ocrx_word' id='word_1_152' title='bbox 468 2973 547 3022; x_wconf 86' lang='lat' dir='ltr'>supra</span> <span class='ocrx_word' id='word_1_153' title='bbox 556 2958 618 3008; x_wconf 82' lang='lat' dir='ltr'>satis</span> <span class='ocrx_word' id='word_1_154' title='bbox 628 2958 752 3023; x_wconf 73' lang='lat' dir='ltr'>probasse</span> <span class='ocrx_word' id='word_1_155' title='bbox 762 2959 826 3009; x_wconf 89' lang='lat' dir='ltr'>mihi</span> <span class='ocrx_word' id='word_1_156' title='bbox 836 2959 934 3008; x_wconf 86' lang='lat' dir='ltr'>videor:</span> <span class='ocrx_word' id='word_1_157' title='bbox 945 2958 978 3008; x_wconf 84' lang='lat' dir='ltr'>ci.</span> <span class='ocrx_word' id='word_1_158' title='bbox 989 2973 1066 3024; x_wconf 82' lang='lat' dir='ltr'>pagg.</span> <span class='ocrx_word' id='word_1_159' title='bbox 1076 2957 1124 3022; x_wconf 81' lang='lat'>165</span> <span class='ocrx_word' id='word_1_160' title='bbox 1132 2974 1192 3023; x_wconf 86' lang='lat' dir='ltr'>sqq.</span> <span class='ocrx_word' id='word_1_161' title='bbox 1203 2957 1302 3008; x_wconf 81' lang='lat' dir='ltr'>Iniuria</span> <span class='ocrx_word' id='word_1_162' title='bbox 1309 2957 1386 3007; x_wconf 77' lang='lat' dir='ltr'>Susu-</span> 
     </span>
     <span class='ocr_line' id='line_1_21' title="bbox 255 3044 1386 3112; baseline -0.002 -17"><span class='ocrx_word' id='word_1_163' title='bbox 255 3057 326 3095; x_wconf 68' lang='lat' dir='ltr'>siml,</span> <span class='ocrx_word' id='word_1_164' title='bbox 352 3045 405 3096; x_wconf 90' lang='lat' dir='ltr'>o.l.</span> <span class='ocrx_word' id='word_1_165' title='bbox 425 3061 485 3111; x_wconf 82' lang='lat' dir='ltr'>pag.</span> <span class='ocrx_word' id='word_1_166' title='bbox 511 3045 588 3094; x_wconf 91' lang='lat' dir='ltr'>XVII</span> <span class='ocrx_word' id='word_1_167' title='bbox 614 3061 667 3095; x_wconf 88' lang='lat' dir='ltr'>rem</span> <span class='ocrx_word' id='word_1_168' title='bbox 692 3045 720 3095; x_wconf 95' lang='lat' dir='ltr'>in</span> <span class='ocrx_word' id='word_1_169' title='bbox 744 3046 831 3097; x_wconf 87' lang='lat' dir='ltr'>medio</span> <span class='ocrx_word' id='word_1_170' title='bbox 856 3046 995 3112; x_wconf 83' lang='lat' dir='ltr'>relinquit:</span> <span class='ocrx_word' id='word_1_171' title='bbox 1021 3045 1208 3110; x_wconf 85' lang='lat' dir='ltr'>,nihilominus</span> <span class='ocrx_word' id='word_1_172' title='bbox 1231 3044 1386 3094; x_wconf 83' lang='lat' dir='ltr'>breviarium</span> 
     </span>
     <span class='ocr_line' id='line_1_22' title="bbox 254 3131 1387 3198; baseline -0.003 -16"><span class='ocrx_word' id='word_1_173' title='bbox 254 3132 404 3198; x_wconf 85' lang='lat' dir='ltr'>posterioris</span> <span class='ocrx_word' id='word_1_174' title='bbox 429 3132 510 3198; x_wconf 83' lang='lat' dir='ltr'>pertis</span> <span class='ocrx_word' id='word_1_175' title='bbox 535 3132 663 3197; x_wconf 76' lang='lat' dir='ltr'>genuinae</span> <span class='ocrx_word' id='word_1_176' title='bbox 689 3132 865 3198; x_wconf 84' lang='lat' dir='ltr'>Orphicorum</span> <span class='ocrx_word' id='word_1_177' title='bbox 888 3132 1057 3197; x_wconf 79' lang='lat' dir='ltr'>Theogoniae</span> <span class='ocrx_word' id='word_1_178' title='bbox 1081 3132 1123 3182; x_wconf 90' lang='lat' dir='ltr'>his</span> <span class='ocrx_word' id='word_1_179' title='bbox 1142 3131 1230 3182; x_wconf 87' lang='lat' dir='ltr'>verbis</span> <span class='ocrx_word' id='word_1_180' title='bbox 1248 3131 1387 3196; x_wconf 78' lang='lat' dir='ltr'>contineri,</span> 
     </span>
     <span class='ocr_line' id='line_1_23' title="bbox 254 3217 1387 3285; baseline -0.001 -17"><span class='ocrx_word' id='word_1_181' title='bbox 254 3219 282 3268; x_wconf 91' lang='lat' dir='ltr'>in</span> <span class='ocrx_word' id='word_1_182' title='bbox 300 3235 352 3285; x_wconf 85' lang='lat' dir='ltr'>qna</span> <span class='ocrx_word' id='word_1_183' title='bbox 371 3225 478 3268; x_wconf 80' lang='lat' dir='ltr'>matrem</span> <span class='ocrx_word' id='word_1_184' title='bbox 496 3235 511 3268; x_wconf 79' lang='lat' dir='ltr'>a</span> <span class='ocrx_word' id='word_1_185' title='bbox 530 3225 670 3284; x_wconf 89' lang='lat' dir='ltr'>personato</span> <span class='ocrx_word' id='word_1_186' title='bbox 688 3219 797 3284; x_wconf 90' lang='lat' dir='ltr'>Orpheo</span> <span class='ocrx_word' id='word_1_187' title='bbox 815 3220 866 3270; x_wconf 87' lang='lat' dir='ltr'>sibi</span> <span class='ocrx_word' id='word_1_188' title='bbox 885 3219 1042 3269; x_wconf 84' lang='lat' dir='ltr'>vindicatam</span> <span class='ocrx_word' id='word_1_189' title='bbox 1058 3235 1114 3269; x_wconf 86' lang='lat' dir='ltr'>esse</span> <span class='ocrx_word' id='word_1_190' title='bbox 1130 3218 1268 3284; x_wconf 86' lang='lat' dir='ltr'>Calliopen</span> <span class='ocrx_word' id='word_1_191' title='bbox 1285 3217 1387 3267; x_wconf 81' lang='lat' dir='ltr'>Musam</span> 
     </span>
     <span class='ocr_line' id='line_1_24' title="bbox 253 3299 1389 3372; baseline -0.002 -16"><span class='ocrx_word' id='word_1_192' title='bbox 253 3313 362 3372; x_wconf 79' lang='lat' dir='ltr'>apparet</span> <span class='ocrx_word' id='word_1_193' title='bbox 381 3321 412 3356; x_wconf 82' lang='lat' dir='ltr'>ex</span> <span class='ocrx_word' id='word_1_194' title='bbox 432 3305 547 3356; x_wconf 87' lang='lat' dir='ltr'>eiusdem</span> <span class='ocrx_word' id='word_1_195' title='bbox 566 3305 682 3356; x_wconf 82' lang='lat' dir='ltr'>Platonis</span> <span class='ocrx_word' id='word_1_196' title='bbox 700 3306 770 3356; x_wconf 85' lang='lat' dir='ltr'>haud</span> <span class='ocrx_word' id='word_1_197' title='bbox 788 3307 874 3356; x_wconf 89' lang='lat' dir='ltr'>minus</span> <span class='ocrx_word' id='word_1_198' title='bbox 892 3306 991 3356; x_wconf 88' lang='lat' dir='ltr'>ironice</span> <span class='ocrx_word' id='word_1_199' title='bbox 1009 3305 1087 3355; x_wconf 89' lang='lat' dir='ltr'>dictis</span> <span class='ocrx_word' id='word_1_200' title='bbox 1104 3305 1172 3370; x_wconf 88' lang='lat' dir='ltr'>Rep.</span> <span class='ocrx_word' id='word_1_201' title='bbox 1187 3306 1222 3355; x_wconf 93' lang='lat'>11.</span> <span class='ocrx_word' id='word_1_202' title='bbox 1240 3304 1292 3368; x_wconf 82' lang='lat'>364</span> <span class='ocrx_word' id='word_1_203' title='bbox 1301 3304 1333 3354; x_wconf 84' lang='grc' dir='ltr'>Ε.</span> <span class='ocrx_word' id='word_1_204' title='bbox 1343 3299 1389 3363; x_wconf 68' lang='grc' dir='ltr'>βό-</span> 
     </span>
     <span class='ocr_line' id='line_1_25' title="bbox 253 3385 1389 3454; baseline -0.001 -15"><span class='ocrx_word' id='word_1_205' title='bbox 253 3393 318 3452; x_wconf 70' lang='lat' dir='ltr'>{itur</span> <span class='ocrx_word' id='word_1_206' title='bbox 335 3387 363 3438; x_wconf 70' lang='lat' dir='ltr'>ti</span> <span class='ocrx_word' id='word_1_207' title='bbox 379 3387 471 3450; x_wconf 66' lang='lat' dir='ltr'>iunior</span> <span class='ocrx_word' id='word_1_208' title='bbox 488 3387 644 3453; x_wconf 69' lang='grc' dir='ltr'>παρέχονται</span> <span class='ocrx_word' id='word_1_209' title='bbox 660 3390 789 3440; x_wconf 74' lang='grc' dir='ltr'><strong>Μουσαίου</strong></span> <span class='ocrx_word' id='word_1_210' title='bbox 806 3389 849 3438; x_wconf 72' lang='grc' dir='ltr'>καὶ</span> <span class='ocrx_word' id='word_1_211' title='bbox 863 3387 972 3454; x_wconf 65' lang='grc' dir='ltr'><strong>Ὀρφέως</strong></span> <span class='ocrx_word' id='word_1_212' title='bbox 985 3386 1088 3446; x_wconf 70' lang='grc' dir='ltr'>Σελήνης</span> <span class='ocrx_word' id='word_1_213' title='bbox 1103 3405 1134 3438; x_wconf 78' lang='grc' dir='ltr'>τε</span> <span class='ocrx_word' id='word_1_214' title='bbox 1148 3387 1302 3438; x_wconf 65' lang='lat' dir='ltr'>naimonem</span> <span class='ocrx_word' id='word_1_215' title='bbox 1312 3385 1389 3452; x_wconf 69' lang='grc' dir='ltr'><strong>ὂγγό-</strong></span> 
     </span>
     <span class='ocr_line' id='line_1_26' title="bbox 253 3469 1388 3534; baseline 0.004 -14"><span class='ocrx_word' id='word_1_216' title='bbox 253 3489 304 3531; x_wconf 78' lang='grc' dir='ltr'><strong>νυν,</strong></span> <span class='ocrx_word' id='word_1_217' title='bbox 328 3470 360 3529; x_wconf 69' lang='lat' dir='ltr'>iic</span> <span class='ocrx_word' id='word_1_218' title='bbox 383 3477 455 3534; x_wconf 75' lang='grc' dir='ltr'><strong><em>φασι,</em></strong></span> <span class='ocrx_word' id='word_1_219' title='bbox 479 3475 501 3524; x_wconf 90' lang='lat' dir='ltr'>si</span> <span class='ocrx_word' id='word_1_220' title='bbox 519 3478 583 3534; x_wconf 76' lang='grc' dir='ltr'><strong>φονον</strong></span> <span class='ocrx_word' id='word_1_221' title='bbox 602 3475 674 3524; x_wconf 86' lang='lat' dir='ltr'>verbi</span> <span class='ocrx_word' id='word_1_222' title='bbox 693 3475 838 3525; x_wconf 89' lang='lat' dir='ltr'>subiectum</span> <span class='ocrx_word' id='word_1_223' title='bbox 857 3483 917 3525; x_wconf 88' lang='lat' dir='ltr'>sunt</span> <span class='ocrx_word' id='word_1_224' title='bbox 932 3474 1059 3530; x_wconf 71' lang='grc' dir='ltr'><strong>Μουσαῖος</strong></span> <span class='ocrx_word' id='word_1_225' title='bbox 1076 3471 1119 3520; x_wconf 72' lang='grc' dir='ltr'>καὶ</span> <span class='ocrx_word' id='word_1_226' title='bbox 1136 3469 1253 3534; x_wconf 64' lang='lat' dir='ltr'>&#39;omitt</span> <span class='ocrx_word' id='word_1_227' title='bbox 1269 3475 1310 3524; x_wconf 90' lang='lat' dir='ltr'>sin</span> <span class='ocrx_word' id='word_1_228' title='bbox 1326 3490 1388 3524; x_wconf 85' lang='lat' dir='ltr'>vero</span> 
     </span>
     <span class='ocr_line' id='line_1_27' title="bbox 254 3561 1388 3628; baseline -0.002 -16"><span class='ocrx_word' id='word_1_229' title='bbox 254 3563 313 3612; x_wconf 82' lang='lat' dir='ltr'>talis</span> <span class='ocrx_word' id='word_1_230' title='bbox 336 3570 376 3613; x_wconf 85' lang='lat' dir='ltr'>est</span> <span class='ocrx_word' id='word_1_231' title='bbox 400 3563 528 3612; x_wconf 80' lang='lat' dir='ltr'>enuntiati</span> <span class='ocrx_word' id='word_1_232' title='bbox 553 3568 689 3622; x_wconf 82' lang='lat' dir='ltr'>structura,</span> <span class='ocrx_word' id='word_1_233' title='bbox 713 3568 742 3609; x_wconf 92' lang='lat' dir='ltr'>ut</span> <span class='ocrx_word' id='word_1_234' title='bbox 765 3561 894 3612; x_wconf 88' lang='lat' dir='ltr'>sententia</span> <span class='ocrx_word' id='word_1_235' title='bbox 920 3563 967 3612; x_wconf 88' lang='lat' dir='ltr'>sit:</span> <span class='ocrx_word' id='word_1_236' title='bbox 992 3562 1054 3628; x_wconf 86' lang='lat' dir='ltr'>,qui</span> <span class='ocrx_word' id='word_1_237' title='bbox 1072 3561 1143 3628; x_wconf 85' lang='lat' dir='ltr'>iibri,</span> <span class='ocrx_word' id='word_1_238' title='bbox 1160 3569 1188 3611; x_wconf 91' lang='lat' dir='ltr'>ut</span> <span class='ocrx_word' id='word_1_239' title='bbox 1206 3561 1250 3612; x_wconf 89' lang='lat' dir='ltr'>isti</span> <span class='ocrx_word' id='word_1_240' title='bbox 1268 3561 1388 3610; x_wconf 88' lang='lat' dir='ltr'>homines</span> 
     </span>
     <span class='ocr_line' id='line_1_28' title="bbox 253 3645 1387 3716; baseline -0.005 -15"><span class='ocrx_word' id='word_1_241' title='bbox 253 3651 354 3716; x_wconf 86' lang='lat' dir='ltr'>dicunt,</span> <span class='ocrx_word' id='word_1_242' title='bbox 369 3649 469 3699; x_wconf 77' lang='lat' dir='ltr'>Musaei</span> <span class='ocrx_word' id='word_1_243' title='bbox 483 3654 508 3698; x_wconf 89' lang='lat' dir='ltr'>et</span> <span class='ocrx_word' id='word_1_244' title='bbox 519 3648 619 3713; x_wconf 91' lang='lat' dir='ltr'>Orphei</span> <span class='ocrx_word' id='word_1_245' title='bbox 629 3662 708 3712; x_wconf 88' lang='lat' dir='ltr'>opera</span> <span class='ocrx_word' id='word_1_246' title='bbox 718 3655 778 3698; x_wconf 85' lang='lat' dir='ltr'>sunt</span> <span class='ocrx_word' id='word_1_247' title='bbox 788 3648 898 3698; x_wconf 86' lang='lat' dir='ltr'>filiorum</span> <span class='ocrx_word' id='word_1_248' title='bbox 908 3650 997 3698; x_wconf 85' lang='lat' dir='ltr'>Lunae</span> <span class='ocrx_word' id='word_1_249' title='bbox 1007 3655 1034 3699; x_wconf 91' lang='lat' dir='ltr'>et</span> <span class='ocrx_word' id='word_1_250' title='bbox 1044 3647 1202 3714; x_wconf 84' lang='lat' dir='ltr'>Musamm,&#39;&#39;</span> <span class='ocrx_word' id='word_1_251' title='bbox 1213 3645 1317 3697; x_wconf 87' lang='lat' dir='ltr'>tamen”</span> <span class='ocrx_word' id='word_1_252' title='bbox 1328 3663 1387 3713; x_wconf 86' lang='lat' dir='ltr'>sqq.</span> 
     </span>
    </p>

    <p class='ocr_par' dir='ltr' id='par_1_7' title="bbox 253 3734 1391 4323">
     <span class='ocr_line' id='line_1_29' title="bbox 299 3734 1389 3803; baseline -0.003 -16"><span class='ocrx_word' id='word_1_253' title='bbox 299 3737 327 3803; x_wconf 81' lang='lat' dir='ltr'>a)</span> <span class='ocrx_word' id='word_1_254' title='bbox 345 3738 418 3787; x_wconf 88' lang='lat' dir='ltr'>Inter</span> <span class='ocrx_word' id='word_1_255' title='bbox 435 3737 483 3785; x_wconf 86' lang='lat' dir='ltr'>hos</span> <span class='ocrx_word' id='word_1_256' title='bbox 501 3735 565 3784; x_wconf 89' lang='lat' dir='ltr'>deos</span> <span class='ocrx_word' id='word_1_257' title='bbox 581 3737 681 3784; x_wconf 82' lang='lat' dir='ltr'>Lunam</span> <span class='ocrx_word' id='word_1_258' title='bbox 696 3734 776 3784; x_wconf 84' lang='lat' dir='ltr'>fuisse</span> <span class='ocrx_word' id='word_1_259' title='bbox 790 3735 887 3785; x_wconf 83' lang='lat' dir='ltr'>idcirce</span> <span class='ocrx_word' id='word_1_260' title='bbox 904 3735 955 3784; x_wconf 80' lang='lat' dir='ltr'>iem</span> <span class='ocrx_word' id='word_1_261' title='bbox 969 3751 1024 3784; x_wconf 93' lang='lat' dir='ltr'>non</span> <span class='ocrx_word' id='word_1_262' title='bbox 1034 3743 1073 3785; x_wconf 86' lang='lat' dir='ltr'>est</span> <span class='ocrx_word' id='word_1_263' title='bbox 1083 3735 1234 3800; x_wconf 85' lang='lat' dir='ltr'>verisimile,</span> <span class='ocrx_word' id='word_1_264' title='bbox 1243 3734 1315 3800; x_wconf 86' lang='lat' dir='ltr'>quod</span> <span class='ocrx_word' id='word_1_265' title='bbox 1324 3735 1389 3784; x_wconf 87' lang='lat' dir='ltr'>haec</span> 
     </span>
     <span class='ocr_line' id='line_1_30' title="bbox 256 3817 1389 3889; baseline -0.004 -14"><span class='ocrx_word' id='word_1_266' title='bbox 256 3824 288 3874; x_wconf 82' lang='lat' dir='ltr'>nd</span> <span class='ocrx_word' id='word_1_267' title='bbox 306 3820 373 3878; x_wconf 71' lang='grc' dir='ltr'>θεοὺς</span> <span class='ocrx_word' id='word_1_268' title='bbox 389 3818 493 3881; x_wconf 69' lang='grc' dir='ltr'>ὁρατούς</span> <span class='ocrx_word' id='word_1_269' title='bbox 512 3822 635 3889; x_wconf 81' lang='lat' dir='ltr'>pertinet,</span> <span class='ocrx_word' id='word_1_270' title='bbox 652 3829 835 3872; x_wconf 79' lang='lat' dir='ltr'>enumerentur</span> <span class='ocrx_word' id='word_1_271' title='bbox 854 3830 940 3872; x_wconf 86' lang='lat' dir='ltr'>autem</span> <span class='ocrx_word' id='word_1_272' title='bbox 958 3822 1002 3872; x_wconf 89' lang='lat' dir='ltr'>hic</span> <span class='ocrx_word' id='word_1_273' title='bbox 1020 3817 1068 3868; x_wconf 66' lang='lat' dir='ltr'>tuot</span> <span class='ocrx_word' id='word_1_274' title='bbox 1085 3817 1200 3881; x_wconf 66' lang='grc' dir='ltr'>ἀόρατοιε</span> <span class='ocrx_word' id='word_1_275' title='bbox 1213 3829 1350 3888; x_wconf 79' lang='lat' dir='ltr'>praeterea</span> <span class='ocrx_word' id='word_1_276' title='bbox 1367 3821 1389 3872; x_wconf 88' lang='lat' dir='ltr'>si</span> 
     </span>
     <span class='ocr_line' id='line_1_31' title="bbox 256 3902 1391 3975; baseline -0.005 -14"><span class='ocrx_word' id='word_1_277' title='bbox 256 3911 288 3961; x_wconf 92' lang='lat' dir='ltr'>de</span> <span class='ocrx_word' id='word_1_278' title='bbox 306 3912 358 3960; x_wconf 82' lang='lat' dir='ltr'>solo</span> <span class='ocrx_word' id='word_1_279' title='bbox 378 3911 485 3975; x_wconf 88' lang='lat' dir='ltr'>Orpheo</span> <span class='ocrx_word' id='word_1_280' title='bbox 505 3925 592 3958; x_wconf 88' lang='lat' dir='ltr'>revera</span> <span class='ocrx_word' id='word_1_281' title='bbox 611 3909 705 3974; x_wconf 83' lang='lat' dir='ltr'>agitur,</span> <span class='ocrx_word' id='word_1_282' title='bbox 722 3925 775 3958; x_wconf 92' lang='lat' dir='ltr'>non</span> <span class='ocrx_word' id='word_1_283' title='bbox 790 3907 867 3958; x_wconf 77' lang='lat' dir='ltr'>facile</span> <span class='ocrx_word' id='word_1_284' title='bbox 883 3909 1027 3973; x_wconf 80' lang='lat' dir='ltr'>explicatur</span> <span class='ocrx_word' id='word_1_285' title='bbox 1044 3924 1165 3959; x_wconf 87' lang='lat' dir='ltr'>numerus</span> <span class='ocrx_word' id='word_1_286' title='bbox 1180 3909 1301 3973; x_wconf 85' lang='lat' dir='ltr'>pluralis:</span> <span class='ocrx_word' id='word_1_287' title='bbox 1318 3902 1391 3968; x_wconf 61' lang='lat' dir='ltr'>inpa-</span> 
     </span>
     <span class='ocr_line' id='line_1_32' title="bbox 256 3987 1388 4061; baseline 0.001 -18"><span class='ocrx_word' id='word_1_288' title='bbox 256 4011 303 4054; x_wconf 81' lang='grc' dir='ltr'><strong>νονς</strong></span> <span class='ocrx_word' id='word_1_289' title='bbox 321 3995 366 4055; x_wconf 71' lang='grc' dir='ltr'>μὶν</span> <span class='ocrx_word' id='word_1_290' title='bbox 384 3993 456 4044; x_wconf 68' lang='grc' dir='ltr'>θεῶν</span> <span class='ocrx_word' id='word_1_291' title='bbox 474 3987 556 4050; x_wconf 65' lang='lat' dir='ltr'>ciem</span> <span class='ocrx_word' id='word_1_292' title='bbox 575 4011 634 4045; x_wconf 82' lang='lat' dir='ltr'>unm</span> <span class='ocrx_word' id='word_1_293' title='bbox 654 3995 754 4061; x_wconf 87' lang='lat' dir='ltr'>Orphei</span> <span class='ocrx_word' id='word_1_294' title='bbox 773 4001 854 4044; x_wconf 86' lang='lat' dir='ltr'>mater</span> <span class='ocrx_word' id='word_1_295' title='bbox 869 3995 976 4059; x_wconf 89' lang='lat' dir='ltr'>quidem</span> <span class='ocrx_word' id='word_1_296' title='bbox 991 3993 1039 4045; x_wconf 90' lang='lat' dir='ltr'>dea</span> <span class='ocrx_word' id='word_1_297' title='bbox 1055 3995 1209 4060; x_wconf 78' lang='lat' dir='ltr'>habebatur,</span> <span class='ocrx_word' id='word_1_298' title='bbox 1218 4002 1318 4060; x_wconf 86' lang='lat' dir='ltr'>patrem</span> <span class='ocrx_word' id='word_1_299' title='bbox 1326 4011 1388 4045; x_wconf 84' lang='lat' dir='ltr'>vero</span> 
     </span>
     <span class='ocr_line' id='line_1_33' title="bbox 255 4080 1388 4148; baseline -0.003 -14"><span class='ocrx_word' id='word_1_300' title='bbox 255 4099 346 4134; x_wconf 90' lang='lat' dir='ltr'>omnes</span> <span class='ocrx_word' id='word_1_301' title='bbox 370 4083 423 4134; x_wconf 86' lang='lat' dir='ltr'>iere</span> <span class='ocrx_word' id='word_1_302' title='bbox 448 4083 578 4148; x_wconf 80' lang='lat' dir='ltr'>Oengrum</span> <span class='ocrx_word' id='word_1_303' title='bbox 602 4081 681 4132; x_wconf 84' lang='lat' dir='ltr'>fuisse</span> <span class='ocrx_word' id='word_1_304' title='bbox 705 4081 819 4146; x_wconf 84' lang='lat' dir='ltr'>tradunt,</span> <span class='ocrx_word' id='word_1_305' title='bbox 845 4081 923 4130; x_wconf 85' lang='lat' dir='ltr'>etiam</span> <span class='ocrx_word' id='word_1_306' title='bbox 948 4082 1101 4132; x_wconf 75' lang='lat' dir='ltr'>Prunnnus:</span> <span class='ocrx_word' id='word_1_307' title='bbox 1127 4081 1160 4131; x_wconf 84' lang='lat' dir='ltr'>ci.</span> <span class='ocrx_word' id='word_1_308' title='bbox 1186 4081 1297 4132; x_wconf 68' lang='lat' dir='ltr'>Gaurus</span> <span class='ocrx_word' id='word_1_309' title='bbox 1317 4080 1388 4145; x_wconf 86' lang='lat' dir='ltr'>apud</span> 
     </span>
     <span class='ocr_line' id='line_1_34' title="bbox 254 4167 1388 4234; baseline -0.004 -14"><span class='ocrx_word' id='word_1_310' title='bbox 254 4171 384 4220; x_wconf 76' lang='lat' dir='ltr'>Roscnea</span> <span class='ocrx_word' id='word_1_311' title='bbox 409 4170 426 4220; x_wconf 92' lang='lat' dir='ltr'>i.</span> <span class='ocrx_word' id='word_1_312' title='bbox 436 4185 462 4220; x_wconf 87' lang='grc' dir='ltr'>ν.</span> <span class='ocrx_word' id='word_1_313' title='bbox 482 4169 613 4234; x_wconf 91' lang='lat' dir='ltr'>Orpheus,</span> <span class='ocrx_word' id='word_1_314' title='bbox 632 4167 692 4218; x_wconf 91' lang='lat' dir='ltr'>coll.</span> <span class='ocrx_word' id='word_1_315' title='bbox 713 4177 790 4233; x_wconf 86' lang='lat'>1073,</span> <span class='ocrx_word' id='word_1_316' title='bbox 812 4179 894 4233; x_wconf 79' lang='lat'>10743</span> <span class='ocrx_word' id='word_1_317' title='bbox 913 4167 1021 4233; x_wconf 82' lang='lat' dir='ltr'>denique</span> <span class='ocrx_word' id='word_1_318' title='bbox 1040 4167 1184 4216; x_wconf 83' lang='lat' dir='ltr'>notandum</span> <span class='ocrx_word' id='word_1_319' title='bbox 1203 4173 1251 4233; x_wconf 86' lang='lat' dir='ltr'>est,</span> <span class='ocrx_word' id='word_1_320' title='bbox 1269 4182 1318 4217; x_wconf 88' lang='lat' dir='ltr'>nee</span> <span class='ocrx_word' id='word_1_321' title='bbox 1337 4167 1388 4216; x_wconf 90' lang='lat' dir='ltr'>Lu·</span> 
     </span>
     <span class='ocr_line' id='line_1_35' title="bbox 253 4254 948 4323; baseline -0.006 -17"><span class='ocrx_word' id='word_1_322' title='bbox 253 4273 323 4323; x_wconf 79' lang='lat' dir='ltr'>nam,</span> <span class='ocrx_word' id='word_1_323' title='bbox 341 4272 389 4306; x_wconf 89' lang='lat' dir='ltr'>nec</span> <span class='ocrx_word' id='word_1_324' title='bbox 410 4257 498 4306; x_wconf 82' lang='lat' dir='ltr'>Musas</span> <span class='ocrx_word' id='word_1_325' title='bbox 517 4256 546 4304; x_wconf 95' lang='lat' dir='ltr'>in</span> <span class='ocrx_word' id='word_1_326' title='bbox 565 4255 668 4304; x_wconf 73' lang='lat' dir='ltr'>Tlunui</span> <span class='ocrx_word' id='word_1_327' title='bbox 687 4254 806 4318; x_wconf 82' lang='lat' dir='ltr'>catalogo</span> <span class='ocrx_word' id='word_1_328' title='bbox 825 4254 948 4303; x_wconf 86' lang='lat' dir='ltr'>inveniri.</span> 
     </span>
    </p>

    <p class='ocr_par' dir='ltr' id='par_1_8' title="bbox 254 4338 1390 4756">
     <span class='ocr_line' id='line_1_36' title="bbox 299 4338 1390 4411; baseline -0.005 -17"><span class='ocrx_word' id='word_1_329' title='bbox 299 4343 327 4411; x_wconf 83' lang='lat'>3)</span> <span class='ocrx_word' id='word_1_330' title='bbox 347 4343 465 4408; x_wconf 81' lang='lat' dir='ltr'>Accedit,</span> <span class='ocrx_word' id='word_1_331' title='bbox 489 4341 561 4408; x_wconf 92' lang='lat' dir='ltr'>quod</span> <span class='ocrx_word' id='word_1_332' title='bbox 586 4342 653 4406; x_wconf 90' lang='lat' dir='ltr'>Rep.</span> <span class='ocrx_word' id='word_1_333' title='bbox 680 4340 707 4390; x_wconf 90' lang='lat'>11</span> <span class='ocrx_word' id='word_1_334' title='bbox 735 4339 819 4404; x_wconf 82' lang='lat' dir='ltr'>364E</span> <span class='ocrx_word' id='word_1_335' title='bbox 845 4354 905 4406; x_wconf 88' lang='lat' dir='ltr'>sqq.</span> <span class='ocrx_word' id='word_1_336' title='bbox 930 4340 962 4390; x_wconf 90' lang='lat' dir='ltr'>de</span> <span class='ocrx_word' id='word_1_337' title='bbox 988 4339 1062 4390; x_wconf 88' lang='lat' dir='ltr'>libris</span> <span class='ocrx_word' id='word_1_338' title='bbox 1087 4338 1271 4390; x_wconf 85' lang='lat' dir='ltr'>sacrificalibus</span> <span class='ocrx_word' id='word_1_339' title='bbox 1295 4340 1390 4406; x_wconf 78' lang='lat' dir='ltr'>agitur,</span> 
     </span>
     <span class='ocr_line' id='line_1_37' title="bbox 254 4426 1390 4494; baseline -0.001 -15"><span class='ocrx_word' id='word_1_340' title='bbox 254 4430 322 4480; x_wconf 87' lang='lat' dir='ltr'>Tim.</span> <span class='ocrx_word' id='word_1_341' title='bbox 341 4431 411 4492; x_wconf 83' lang='lat' dir='ltr'>40D</span> <span class='ocrx_word' id='word_1_342' title='bbox 430 4429 463 4480; x_wconf 91' lang='lat' dir='ltr'>de</span> <span class='ocrx_word' id='word_1_343' title='bbox 482 4428 622 4494; x_wconf 80' lang='lat' dir='ltr'>theogonia</span> <span class='ocrx_word' id='word_1_344' title='bbox 640 4443 725 4478; x_wconf 86' lang='lat' dir='ltr'>sermo</span> <span class='ocrx_word' id='word_1_345' title='bbox 744 4433 791 4477; x_wconf 86' lang='lat' dir='ltr'>est.</span> <span class='ocrx_word' id='word_1_346' title='bbox 812 4427 947 4478; x_wconf 81' lang='lat' dir='ltr'>Praeterea</span> <span class='ocrx_word' id='word_1_347' title='bbox 964 4443 1023 4476; x_wconf 89' lang='lat' dir='ltr'>cum</span> <span class='ocrx_word' id='word_1_348' title='bbox 1042 4427 1110 4493; x_wconf 87' lang='lat' dir='ltr'>Rep.</span> <span class='ocrx_word' id='word_1_349' title='bbox 1130 4426 1390 4493; x_wconf 75' lang='lat' dir='ltr'>11364E01pheus</span> 
     </span>
     <span class='ocr_line' id='line_1_38' title="bbox 256 4513 1390 4580; baseline -0.003 -14"><span class='ocrx_word' id='word_1_350' title='bbox 256 4522 288 4566; x_wconf 92' lang='lat' dir='ltr'>et</span> <span class='ocrx_word' id='word_1_351' title='bbox 307 4517 462 4566; x_wconf 82' lang='lat' dir='ltr'>Musaeus</span> <span class='ocrx_word' id='word_1_352' title='bbox 480 4521 723 4580; x_wconf 82' lang='lat' dir='ltr'>commemorentur,</span> <span class='ocrx_word' id='word_1_353' title='bbox 740 4513 792 4579; x_wconf 85' lang='lat' dir='ltr'>ipsi</span> <span class='ocrx_word' id='word_1_354' title='bbox 811 4514 935 4562; x_wconf 75' lang='lat' dir='ltr'>quzito</span> <span class='ocrx_word' id='word_1_355' title='bbox 954 4529 1012 4562; x_wconf 92' lang='lat' dir='ltr'>cum</span> <span class='ocrx_word' id='word_1_356' title='bbox 1031 4513 1157 4562; x_wconf 73' lang='lat' dir='ltr'>Zmrruo</span> <span class='ocrx_word' id='word_1_357' title='bbox 1174 4513 1308 4580; x_wconf 85' lang='lat' dir='ltr'>convenit,</span> <span class='ocrx_word' id='word_1_358' title='bbox 1321 4515 1390 4563; x_wconf 88' lang='lat' dir='ltr'>Tim.</span> 
     </span>
     <span class='ocr_line' id='line_1_39' title="bbox 255 4599 1390 4668; baseline -0.002 -16"><span class='ocrx_word' id='word_1_359' title='bbox 255 4603 325 4666; x_wconf 86' lang='lat' dir='ltr'>40D</span> <span class='ocrx_word' id='word_1_360' title='bbox 346 4603 481 4652; x_wconf 85' lang='lat' dir='ltr'>Musaeum</span> <span class='ocrx_word' id='word_1_361' title='bbox 500 4618 553 4652; x_wconf 90' lang='lat' dir='ltr'>non</span> <span class='ocrx_word' id='word_1_362' title='bbox 573 4601 685 4668; x_wconf 84' lang='lat' dir='ltr'>spectari</span> <span class='ocrx_word' id='word_1_363' title='bbox 704 4599 749 4667; x_wconf 80' lang='lat' dir='ltr'>[ci.</span> <span class='ocrx_word' id='word_1_364' title='bbox 768 4607 902 4667; x_wconf 70' lang='lat' dir='ltr'>praeterea</span> <span class='ocrx_word' id='word_1_365' title='bbox 920 4601 1012 4666; x_wconf 70' lang='lat' dir='ltr'>Kuitti,</span> <span class='ocrx_word' id='word_1_366' title='bbox 1030 4601 1071 4649; x_wconf 92' lang='lat' dir='ltr'>De</span> <span class='ocrx_word' id='word_1_367' title='bbox 1087 4599 1171 4665; x_wconf 91' lang='lat' dir='ltr'>Orph.</span> <span class='ocrx_word' id='word_1_368' title='bbox 1187 4599 1274 4666; x_wconf 84' lang='lat' dir='ltr'>Epim.</span> <span class='ocrx_word' id='word_1_369' title='bbox 1285 4600 1390 4650; x_wconf 87' lang='lat' dir='ltr'>Pherec.</span> 
     </span>
     <span class='ocr_line' id='line_1_40' title="bbox 258 4687 1172 4756; baseline -0.002 -17"><span class='ocrx_word' id='word_1_370' title='bbox 258 4689 345 4755; x_wconf 83' lang='lat' dir='ltr'>theog.</span> <span class='ocrx_word' id='word_1_371' title='bbox 363 4704 424 4754; x_wconf 77' lang='lat' dir='ltr'>pag.</span> <span class='ocrx_word' id='word_1_372' title='bbox 442 4689 502 4756; x_wconf 75' lang='lat'>421:</span> <span class='ocrx_word' id='word_1_373' title='bbox 521 4689 604 4740; x_wconf 88' lang='lat' dir='ltr'>solnm</span> <span class='ocrx_word' id='word_1_374' title='bbox 623 4688 758 4754; x_wconf 86' lang='lat' dir='ltr'>Orpheum</span> <span class='ocrx_word' id='word_1_375' title='bbox 776 4687 926 4754; x_wconf 83' lang='lat' dir='ltr'>significari,</span> <span class='ocrx_word' id='word_1_376' title='bbox 945 4695 1070 4752; x_wconf 86' lang='lat' dir='ltr'>uterque</span> <span class='ocrx_word' id='word_1_377' title='bbox 1089 4694 1172 4753; x_wconf 79' lang='lat' dir='ltr'>putat.</span> 
     </span>
    </p>
   </div>
   <div class='ocr_carea' id='block_1_5' title="bbox 0 0 1857 5574">
    <p class='ocr_par' dir='ltr' id='par_1_9' title="bbox 0 0 1857 5574">
     <span class='ocr_line' id='line_1_41' title="bbox 0 0 1857 5574; baseline 0 0"><span class='ocrx_word' id='word_1_378' title='bbox 0 0 1857 5574; x_wconf 95' lang='lat' dir='ltr'> </span> 
     </span>
    </p>
   </div>
  </div>
 </body>
</html>
