3654 5564
689 1403 907 1503 CAPUT
936 1395 1251 1505 TERTIUM.

632 1860 673 1902 DE
693 1860 787 1905 VULGI
807 1861 1015 1907 OPINIONIBUS·
1033 1879 1073 1889 -
1092 1862 1133 1904 DE
1151 1861 1314 1906 BARBARIS.

463 2040 493 2091 1.
525 2018 635 2092 Duae
658 2034 743 2093 sunt
766 2018 931 2117 reliquae
955 2044 1025 2111 res,
1050 2019 1098 2094 de
1123 2019 1256 2117 quibus
1273 2019 1309 2092 in
1325 2019 1396 2093 hac
1411 2021 1533 2117 operis

405 2140 477 2213 mei
515 2156 622 2238 parte
653 2142 700 2215 sit
728 2140 938 2241 agendum:
968 2142 1226 2240 opiniones
1254 2141 1363 2215 dico
1390 2167 1533 2240 popu·

405 2260 538 2337 lares
564 2279 603 2337 et
630 2265 952 2338 barbarorum
981 2261 1429 2362 mythologumena⁴

461 2410 494 2459 2.
523 2384 672 2485 Vulgi
709 2387 976 2485 opiniones
1012 2411 1159 2483 semper
1195 2386 1272 2460 lere
1303 2411 1326 2459 a
1356 2385 1533 2460 Punronu

404 2530 518 2580 verae
545 2504 804 2605 philosophiae
827 2524 865 2581 et
888 2507 1196 2606 philosophorum
1219 2507 1394 2581 doctrinis
1418 2533 1533 2606 oppo-

405 2644 551 2702 nuntur.
582 2628 709 2702 Causa
735 2674 786 2684 -
815 2630 919 2727 quod
941 2654 1054 2728 supra
1076 2629 1150 2703 iarn
1178 2629 1337 2702 vidimus
1360 2673 1411 2684 -
1436 2630 1471 2702 in
1486 2655 1533 2704 eo

408 2750 531 2848 posita
553 2767 621 2843 est,
646 2751 748 2848 quod
762 2776 853 2826 vera
868 2751 1080 2849 mythorum
1093 2751 1162 2842 vis,
1179 2767 1216 2825 et
1230 2751 1382 2824 omnino
1397 2752 1535 2826 veritas

404 2870 479 2964 τοὺς
493 2869 632 2965 πολλούς
647 2871 754 2949 latet:
772 2899 847 2972 quo
863 2873 915 2965 fit,
932 2889 972 2947 ut
986 2899 1084 2970 quae
1098 2873 1309 2971 acceperint
1319 2872 1417 2948 male
1427 2874 1533 2948 inter·

405 3010 595 3092 pretentur
620 3020 664 3070 ac
688 3021 787 3071 nova
811 3012 849 3071 et
871 2995 1024 3094 indigna
1047 2995 1240 3094 affingant.
1263 2995 1428 3070 Huiusce
1442 3022 1532 3071 vero

405 3118 457 3192 rei
485 3143 598 3192 causa
626 3134 693 3210 est,
723 3119 846 3218 quod
873 3118 1121 3192 multitudo
1149 3118 1333 3192 omnino
1356 3135 1426 3192 est
1450 3119 1531 3221 α’φι·

405 3237 634 3343 λόσοφοςβ)
670 3266 694 3314 a
736 3240 1061 3339 philosophia
1097 3239 1240 3338 plane
1273 3242 1530 3315 abhorret:

405 3386 452 3435 ex
479 3363 550 3436 hoc
573 3362 651 3436 eius
673 3362 764 3436 vitio
786 3363 973 3460 primario,
998 3377 1038 3435 ut
1060 3362 1112 3436 ita
1135 3363 1268 3455 dicam,
1285 3361 1426 3462 reliqua
1441 3363 1530 3438 vitia

405 3484 581 3574 oriuntur,
609 3499 648 3558 et
674 3509 720 3558 ex
744 3485 800 3557 his
826 3483 914 3558 illud
942 3499 1110 3582 apparet.
1137 3484 1259 3558 Nam:

453 3760 478 3827 1)
497 3761 560 3826 Ipso
586 3759 636 3810 hoc
662 3758 790 3809 vocabulo
816 3759 897 3809 utitur
922 3759 1022 3825 mro,
1045 3757 1072 3806 in
1097 3757 1289 3809 multitudinem
1313 3775 1384 3826 vero,
1409 3769 1534 3825 quantum

404 3847 526 3912 equidem
547 3846 611 3912 scio,
628 3861 681 3895 non
701 3845 815 3895 adhibet.
835 3845 902 3895 Vide
920 3851 1006 3894 tamen
1025 3859 1104 3908 quem
1127 3843 1194 3894 inira
1212 3842 1284 3910 (pag.
1302 3845 1336 3909 96
1355 3845 1416 3895 adn,
1435 3845 1463 3912 2)
1481 3845 1535 3896 leu-

405 3934 464 3983 duvi
487 3933 575 3983 locum
600 3933 667 3996 Rep.
694 3931 776 3996 523C
801 3946 870 3996 sqq.²
895 3938 921 3979 et
942 3945 1010 3995 quae
1027 3929 1135 3979 adnotat
1154 3929 1281 3980 sunna:
1303 3929 1454 3995 „Sententia
1471 3932 1535 3981 heec

405 4027 458 4070 est:
484 4021 618 4082 Quatenus
641 4018 739 4083 digitus
763 4023 802 4067 est
823 4017 930 4082 digitus,
948 4015 1016 4066 nihil
1034 4015 1112 4065 refert
1130 4016 1163 4066 ad
1181 4017 1344 4067 intellectum
1362 4018 1536 4084 excitandum,

404 4106 519 4171 qualis
544 4105 589 4154 ille
608 4105 656 4154 sit:
676 4105 730 4154 sive
749 4103 819 4153 enim
838 4117 947 4168 magnus
966 4103 1021 4152 sive
1040 4118 1143 4168 parvus,
1160 4103 1215 4152 sive
1233 4103 1290 4153 aliis
1309 4105 1447 4154 virtutibus
1466 4120 1537 4170 prae-

404 4192 474 4242 ditus
499 4191 542 4257 sit,
566 4207 597 4241 eo
623 4207 677 4241 non
701 4189 818 4257 efficitur,
842 4197 870 4240 ut
896 4205 1035 4254 magnae
1059 4189 1298 4240 multitudinis
1322 4191 1362 4240 ad
1386 4191 1536 4256 philoso-

407 4278 575 4344 phandum
600 4278 709 4327 minus
728 4276 898 4342 proclivis
917 4276 971 4326 vel
989 4276 1134 4326 idoneae
1152 4292 1226 4326 mens
1244 4278 1278 4326 ed
1296 4278 1472 4342 quaerendum
1491 4277 1537 4327 im-

406 4365 526 4430 pelletur,
545 4364 670 4430 quidnam
688 4364 793 4414 tandem
814 4371 905 4414 natura
923 4379 969 4412 sua
987 4363 1019 4412 sit
1035 4361 1159 4430 digitus;”
1174 4379 1233 4429 sqq.
1245 4364 1365 4414 Ceterum
1375 4365 1440 4430 ipsis
1450 4365 1537 4416 verbis

405 4457 575 4517 opponuntur
598 4450 666 4501 inter
691 4467 718 4501 se
743 4451 960 4516 philosophorum
977 4456 1004 4500 et
1021 4451 1071 4494 τῶν
1086 4450 1187 4496 eoam
1205 4451 1313 4501 scientie
1331 4451 1431 4500 Phileb.
1452 4451 1535 4515 560:

402 4533 574 4596 Ἀρνθμντνκνὶν
596 4539 690 4598 πρᾶτον
714 4531 752 4596 ἄρ’
774 4532 818 4584 οὖν
841 4532 920 4591 lime
943 4531 988 4596 μέν
1012 4549 1070 4581 τινα
1092 4532 1137 4591 τῆν
1155 4539 1203 4583 τῶν
1221 4539 1321 4585 πολλῶν
1337 4534 1439 4598 φατέον,
1457 4533 1537 4592 ἄλλην

405 4613 428 4664 δ’
445 4610 477 4666 αὖ
494 4616 541 4674 τὴν
558 4619 607 4666 τᾶν
624 4613 839 4680 principaturum
