3654 5564
778 701 842 768 141

234 873 335 974 logia
359 900 449 948 vero
461 873 568 968 idem
592 871 652 946 ille
675 871 869 946 Socxxrns
889 872 923 944 in
943 896 1072 945 eorum
1088 897 1243 944 numero
1259 872 1370 946 refert

237 995 443 1094 Orpheum,
474 997 692 1093 quibuscum
720 995 860 1069 versari
888 1019 1072 1067 summam
1096 995 1229 1069 afferat
1252 994 1370 1068 delec-

236 1120 429 1208 tationem,
455 1118 539 1192 licet
563 1119 647 1193 huic
670 1117 752 1190 loco
776 1142 849 1189 uon
867 1117 974 1190 nimis
988 1115 1223 1190 tribuendum
1237 1116 1370 1214 aliquis

238 1257 355 1338 putet,
384 1241 528 1315 cumin
557 1238 750 1338 Apologia
778 1239 997 1312 inveniatur.

293 1453 542 1527 Nihilominus
584 1451 774 1544 nonnulla,
813 1477 911 1550 quae
948 1452 1134 1549 Symposii
1170 1451 1273 1525 locus
1311 1451 1371 1526 ille

239 1577 401 1668 exhibet,
438 1577 473 1649 in
510 1575 589 1649 aliis
625 1601 778 1673 quoque
805 1574 1040 1647 inveniuntur
1068 1573 1239 1672 dialogis,
1268 1592 1306 1648 et
1334 1575 1371 1647 id

239 1700 389 1797 quidem
427 1698 575 1795 saepius
613 1699 675 1789 ita,
714 1713 754 1771 ut
791 1697 851 1770 vix
889 1697 1002 1793 ipsius
1030 1696 1219 1770 Puxroms
1247 1712 1372 1794 partes

239 1847 353 1920 agere
386 1847 472 1895 eum
501 1821 563 1918 qui
591 1820 689 1893 dicat
717 1819 846 1917 negari
874 1819 1002 1917 possit,
1032 1844 1263 1916 quamquam
1292 1845 1373 1892 nus-

240 1968 352 2041 quam
381 1941 468 2016 alibi
495 1943 679 2016 iuvenitur
708 1941 880 2014 Paruum
908 1941 1165 2038 despicientia:
1195 1941 1297 2015 cuius
1321 1942 1373 2014 rei
1403 1973 1406 1978 ·

240 2091 353 2139 causa
384 2066 477 2138 haec
505 2065 592 2138 mihi
622 2065 778 2154 videtur,
809 2063 912 2161 quod
940 2063 974 2136 in
1004 2063 1176 2135 Puxanru
1205 2064 1374 2137 oratione

240 2187 321 2285 ipsa
347 2185 513 2284 vulgaris
541 2184 691 2260 fabulae
719 2185 775 2258 vis
799 2200 963 2258 mutatur
986 2184 1048 2258 illa
1070 2185 1231 2283 quidem,
1258 2184 1374 2260 multa

240 2325 367 2383 tamen
387 2310 509 2382 insunt
527 2334 624 2406 quae
642 2307 692 2381 ad
712 2307 808 2380 hanc
823 2305 986 2381 fabulam
1002 2308 1230 2405 pertineant3
1247 2308 1374 2381 Puxro

242 2448 381 2523 autem,
411 2431 459 2504 de
488 2431 644 2528 Orpheo
673 2429 810 2520 dicens,
839 2430 889 2502 ab
913 2429 984 2502 hac
1007 2428 1133 2503 sabula
1157 2474 1207 2483 —
1232 2428 1317 2503 licet
1340 2431 1374 2503 ei

243 2553 441 2627 credidisse
466 2579 551 2626 eum
577 2553 728 2626 omnino
754 2577 829 2625 non
853 2567 1035 2648 appareat
1058 2595 1108 2606 —
1132 2552 1194 2625 vix
1216 2576 1374 2648 usquam

243 2677 393 2767 recedit,
409 2674 445 2747 id
460 2674 562 2773 quod
578 2673 753 2771 proximis
768 2673 914 2771 paginis
929 2674 1134 2747 accuratius
1144 2673 1372 2747 ostendetur.

298 2799 358 2872 De
373 2797 584 2870 Phaedonis
598 2795 681 2869 loco
696 2795 769 2869 iam
784 2795 951 2869 diximus.
970 2795 1084 2889 Quod
1099 2793 1226 2892 Symp.
1250 2816 1320 2889 179
1337 2796 1373 2869 D

245 2919 425 3023 κιθαρῳδός
444 2933 600 2992 vocatur
615 2917 803 3015 Orpheus,
820 2943 894 2991 non
909 2942 1079 3016 pugnare
1093 2916 1264 2991 videntur
1279 2942 1377 3015 quae

242 3040 415 3139 leguntur
441 3041 519 3114 lon.
547 3066 582 3137 p.
602 3061 621 3134 5
629 3065 649 3134 3
655 3065 676 3134 3
694 3039 737 3114 C.
751 3036 776 3136 ¹)
802 3039 985 3114 Attamen
1001 3065 1124 3136 neque
1138 3039 1196 3112 hic
1211 3037 1315 3112 locus
1330 3038 1380 3111 ad

244 3338 350 3388 Phltdon
374 3337 447 3405 (682)
470 3337 587 3388 erwthnt
612 3337 686 3402 wird,
711 3352 743 3386 ru
769 3337 873 3386 sterben
897 3352 942 3386 nm
966 3335 1078 3400 geliebte
1104 3334 1258 3401 Meuschen,
1281 3333 1323 3384 die
1342 3334 1379 3384 sie

243 3424 323 3474 durch
340 3425 391 3474 den
408 3425 467 3474 Tod
482 3425 600 3474 verloren
618 3423 719 3489 hatten,
736 3423 771 3473 im
787 3422 878 3473 Hades
892 3422 1133 3490 wiederznsehen;”
1149 3423 1219 3473 haud
1229 3423 1283 3472 scio
1294 3431 1380 3472 tamen

244 3525 332 3560 annon
360 3512 413 3562 iure
442 3512 569 3562 Sextum?
596 3511 645 3561 hoc
672 3519 786 3560 censeat.
813 3509 933 3560 Ceterum
958 3509 1043 3560 simile
1068 3509 1133 3574 quid
1158 3517 1249 3575 putare
1275 3509 1378 3558 videtur

245 3597 410 3664 Drmnrcrr,
428 3597 539 3662 Nekyia,
557 3613 617 3662 pag.
639 3597 698 3662 136,
716 3605 742 3646 et
760 3595 821 3646 adu.
841 3608 865 3659 3.

294 3684 320 3751 1)
339 3685 379 3735 cf.
399 3686 502 3734 Wneux
521 3685 574 3734 o.l.
593 3700 653 3750 pag.
673 3696 716 3747 33.
735 3683 850 3732 Nimium
869 3691 954 3732 tamen
974 3683 996 3732 is
1015 3682 1172 3732 contendere
1191 3682 1303 3746 videtur,
1320 3697 1379 3731 cum

248 3770 382 3836 Orpheum
406 3772 456 3822 hoc
479 3771 538 3821 loco
557 3771 622 3836 ipsis
641 3770 727 3821 verbis
745 3763 873 3829 κιθαρῳδόν
892 3769 1021 3835 appellari
1038 3769 1102 3818 dicit
1122 3768 1199 3834 [‚‚Jon
1218 3785 1245 3834 p.
1265 3777 1315 3833 533
1328 3768 1379 3818 BC.

246 3873 329 3923 symp.
351 3868 400 3922 179
410 3859 435 3907 D
455 3857 519 3907 wird
537 3873 566 3907 er
582 3857 621 3906 als
640 3850 769 3915 κιθαρῳδός
786 3854 946 3921 genaunt'’]:
962 3855 1062 3905 scilicet
1077 3871 1160 3905 sermo
1177 3863 1215 3904 est
1226 3856 1258 3906 de
1268 3849 1382 3908 albim,

246 3944 278 3994 de
303 3940 428 4002 κιθαρίσιι,
451 3944 485 3994 de
503 3938 643 4008 ataroth,
660 3944 694 3995 de
714 3937 841 4005 βαψφδίᾳς
860 3942 893 3992 sd
911 3957 989 4007 quum
1007 3943 1098 3992 herum
1115 3943 1208 3992 artium
1225 3942 1326 4008 Orphei
1342 3959 1382 3993 ars

246 4031 280 4080 sit
298 4029 441 4097 reserenda,
460 4031 556 4082 diserte
575 4033 681 4097 quidem
700 4048 753 4081 non
773 4031 875 4080 dicitnr.

291 4117 412 4167 Ceterum
434 4117 543 4167 sts
561 4134 585 4167 o.
597 4118 614 4168 l.
634 4118 660 4166 11
683 4121 709 4166 1⁴
725 4133 803 4183 pagg.
818 4113 871 4177 480
881 4130 941 4180 sqq.
957 4115 1172 4165 verisimillimum
1181 4123 1280 4182 censet,
1290 4117 1381 4166 Ionem

245 4203 377 4268 dialogum
401 4219 456 4253 non
475 4205 611 4270 scripsisse
630 4204 790 4254 an'rourtrr.
810 4204 884 4253 Hora
903 4202 955 4252 o.l.
967 4203 993 4251 11
1013 4217 1090 4267 pagg.
1110 4213 1249 4267 223-225
1270 4202 1380 4252 dubitat.

246 4289 343 4340 Contra
361 4291 512 4340 Gonnum
532 4292 558 4340 11
577 4307 637 4356 pag.
658 4291 709 4355 564
729 4291 802 4357 (adn.
820 4290 854 4339 ad
873 4305 933 4354 pag.
953 4301 1005 4352 230
1026 4305 1063 4338 vs.
1085 4288 1137 4354 10):
1166 4289 1233 4353 ,Am
1252 4288 1381 4338 schwich-

246 4385 303 4427 sten
319 4379 465 4443 begrtludet
481 4379 583 4428 scheiut
599 4379 642 4428 die
659 4379 784 4428 Athetese
801 4378 847 4427 des
864 4378 922 4442 lon,
937 4377 980 4426 ein
998 4375 1170 4441 Schriltchen,
1185 4375 1232 4426 das
1245 4376 1382 4426 schondss

245 4464 347 4528 geniale
367 4465 502 4516 Gleichnis
520 4482 572 4518 rou
591 4466 643 4516 den
660 4465 856 4530 magnetischen
877 4463 983 4528 Ringen
1001 4459 1094 4529 (533⁶)
1113 4477 1160 4511 vor
1178 4462 1382 4527 Antechtungen

246 4552 368 4601 schiltzen
392 4553 492 4603 kdunte
504 4589 509 4602 .
521 4590 545 4603 ..
569 4555 637 4602 Dein
663 4553 776 4602 viellach
794 4550 1002 4617 angelochteuen
1022 4549 1118 4614 Dialog
1137 4550 1169 4599 ist
1189 4549 1321 4599 uenerlich
1340 4551 1383 4600 ein

247 4637 371 4703 ertttger
396 4640 558 4705 Verteidiger
583 4640 722 4690 erstanden
745 4640 773 4689 in
793 4637 911 4688 Walther
927 4636 1022 4702 Janell,
1041 4637 1213 4699 Quaestiones
1233 4637 1381 4687 Platonicae

249 4733 300 4788 325
310 4723 354 4774 ff.’‘
372 4726 440 4776 Vide
459 4735 591 4791 praeterea
610 4726 751 4776 Sturium
769 4727 822 4775 o.l.
843 4741 921 4790 pagg.
938 4737 972 4786 29
988 4739 1047 4788 sqq.
1062 4722 1116 4789 (Cf.
1127 4739 1186 4789 pag.
1197 4736 1244 4787 29:
1257 4723 1381 4788 „Eigent-
