3724 5576
981 653 1029 724 54

437 848 473 907 et
499 834 609 907 secuti
636 849 715 906 sunt
745 828 932 935 [STALLB.])
960 823 1001 916 ἦν
1031 832 1088 908 καὶ
1119 837 1236 922 Θαλῆς
1264 833 1280 906 ο’
1308 833 1481 932 Μιλήσιος,
1510 837 1569 909 καὶ

437 957 598 1048 Πιττακὸς
628 965 646 1032 ὁ
678 962 911 1056 Μυτιληναῖος,
939 956 997 1031 καὶ
1026 960 1104 1045 Βίας
1131 961 1150 1028 ὁ
1178 951 1346 1057 Πριηνεύς,
1375 960 1432 1031 καὶ
1459 955 1568 1032 Σόλων

437 1085 455 1154 o‘
478 1080 643 1182 ἡμέτερος,
665 1085 722 1156 καὶ
746 1077 947 1180 Κλεόβουλος
970 1083 988 1152 o‘
1010 1077 1156 1176 Λίνδιος,
1180 1081 1236 1152 καὶ
1260 1070 1382 1153 Μύσων
1401 1081 1420 1152 ὁ
1432 1071 1569 1178 Χηνεύς,

437 1207 494 1278 καὶ
529 1197 671 1304 ἕβδομος
705 1204 736 1278 ἐν
766 1195 888 1290 τούτοις
918 1199 1040 1301 ἐλέγετο
1066 1199 1330 1301 Λακεδαιμόνιος
1353 1202 1474 1288 Χιλων,
1482 1194 1510 1295 ¹)
1536 1198 1570 1271 in

438 1321 641 1396 Theaeteto
669 1347 756 1395 vero
784 1325 875 1417 (174
889 1321 939 1416 A)
966 1346 1045 1393 cunr
1068 1319 1106 1392 iis
1129 1319 1314 1411 conferor,
1339 1321 1406 1397 ὅσοι
1430 1323 1461 1397 ἐν
1484 1328 1569 1424 φιλο-

437 1453 532 1548 σοφίᾳ
570 1443 738 1548 διάγουσιν
767 1459 803 1516 et
830 1458 976 1540 propter
998 1443 1192 1516 communis
1218 1443 1312 1516 vitae
1338 1443 1570 1542 ignorantiam

436 1568 616 1642 hominum
642 1567 748 1639 ristun
774 1562 965 1661 moventff)

492 1690 601 1784 Quod
624 1689 652 1763 si
676 1690 723 1762 ita
746 1705 812 1778 est,
834 1686 945 1762 altera
960 1688 1173 1786 quaestionis
1186 1713 1270 1786 pars
1282 1687 1359 1762 sola
1372 1687 1571 1786 relinquitur

439 1838 535 1912 quae
557 1809 644 1885 solvi
662 1811 784 1907 possit,
799 1827 836 1884 ut
849 1809 977 1884 scilicet
993 1835 1170 1907 quosnam
1185 1811 1306 1883 Pnnuo
1320 1811 1408 1885 inter
1419 1809 1570 1909 philoso

437 1937 530 2033 phos
566 1958 751 2006 numerare
788 1933 976 2006 censendus
1010 1934 1066 2022 sit,
1104 1933 1347 2032 investigenu3
1386 1958 1497 2031 quern
1524 1933 1571 2006 ad

439 2058 545 2130 finem
581 2081 733 2153 pauca
764 2071 871 2128 sunt
897 2055 1097 2129 dicenda
1125 2056 1180 2129 de
1207 2055 1352 2146 noluitne,
1381 2081 1503 2153 quae
1530 2057 1572 2129 in

438 2179 654 2253 Platonis
680 2178 890 2278 dialogis
917 2178 1166 2253 vocabulis
1194 2204 1313 2276 quae
1335 2179 1571 2275 suntplu'lo-

438 2302 571 2399 sophus
597 2317 643 2375 et
661 2301 889 2398 philosophia
917 2317 988 2374 est
1015 2302 1253 2393 subiecta3
1282 2301 1328 2374 de
1358 2327 1430 2398 quo
1452 2316 1573 2375 tamen

439 2441 649 2524 argumento
675 2450 754 2496 curn
774 2440 810 2497 et
829 2423 989 2521 permulti
1009 2425 1080 2496 iarn
1094 2425 1343 2521 disputaverint
1355 2424 1417 2498 viri
1430 2421 1571 2522 docti‚³)

439 2573 505 2620 nec
530 2547 644 2645 ipsum
671 2571 737 2642 per
761 2572 802 2619 se
829 2545 876 2620 ad
903 2546 1043 2619 huiusce
1070 2547 1186 2642 operis
1212 2547 1385 2644 pertineat
1405 2547 1569 2636 rationes,

441 2695 485 2742 ea
513 2667 590 2743 sola
616 2669 767 2742 dicturus
794 2695 883 2759 sum,
915 2694 1008 2766 quae
1035 2668 1083 2742 ad
1109 2668 1144 2741 id
1167 2669 1265 2767 quod
1288 2669 1369 2743 mihi
1390 2671 1570 2768 proposui,

440 2790 533 2865 utilia
558 2792 632 2864 fore
658 2792 813 2864 iudicavi.

494 2914 546 2988 At
582 2939 699 3011 neque
731 2914 798 2986 hac
825 2914 958 2988 ratione
986 2912 1133 2989 multum
1159 2940 1225 2988 nos
1250 2914 1468 3012 profecturos
1494 2940 1574 2989 τωο

442 3038 525 3111 satis
551 3036 691 3110 videtur
716 3037 789 3110 veri
815 3034 934 3111 sirnile.

495 3158 635 3232 Etenim
672 3159 852 3252 notionem
888 3160 978 3233 hanc
1012 3160 1046 3232 in
1081 3159 1184 3233 variis
1215 3158 1364 3260 dialogis
1387 3186 1467 3238 ,non
1494 3186 1574 3234 esse

443 3281 607 3371 eandem,
645 3281 729 3354 satis
765 3295 820 3353 est
855 3296 995 3355 notum:
1029 3282 1125 3356 vocis
1154 3281 1371 3386 „prlooopz'a”
1400 3283 1452 3356 vis
1479 3282 1574 3380 apud

444 3407 644 3478 Pnnrouuu
671 3404 782 3478 modo
808 3419 908 3502 patet
930 3403 1105 3496 latissime,
1116 3404 1141 3502 4)
1164 3406 1234 3479 suis
1248 3405 1372 3479 finibus
1384 3406 1576 3481 continetur

445 3528 564 3601 modo.
582 3526 607 3624 ᾖ)
635 3527 825 3601 Praeterea
851 3552 938 3600 vero
965 3527 1100 3600 etiamsi
1127 3527 1334 3625 ampliorem
1360 3527 1454 3603 illam
1475 3529 1577 3630 signi·

454 3711 580 3720 —-.-..
588 3709 647 3717 .---·

492 3821 518 3889 1)
537 3821 644 3871 Obiciat
667 3821 727 3884 quis
751 3819 868 3884 fortasse,
890 3820 938 3869 hos
963 3826 1054 3885 postea
1070 3817 1134 3885 (343
1145 3818 1178 3886 B)
1196 3819 1335 3884 significari
1353 3820 1473 3870 nomine:
1491 3817 1517 3866 σί
1531 3835 1580 3866 σιτ-

446 3906 512 3955 λαιολ
537 3908 593 3962 τῆς
616 3903 828 3966 φιλοσοφίαςι
849 3906 899 3952 Τοῦ
916 3901 945 3960 δὴ
962 3903 1033 3951 ἕνεκα
1050 3905 1135 3951 ταῦτα
1152 3901 1232 3966 λέγω
1249 3903 1311 3952 Ὅτι
1328 3896 1401 3960 οὗτος
1417 3903 1430 3951 ί
1447 3905 1536 3964 τρίπος
1553 3901 1580 3961 ἢν

445 3997 494 4041 τῶν
520 3997 632 4040 παλαιῶν
655 3993 701 4047 τῆς
723 3989 883 4052 φιλοσοφίας,
906 3989 1069 4050 βραχυλογία
1086 4006 1127 4047 τις
1144 3990 1281 4048 Λακωνική.
1300 3989 1385 4038 Huius
1403 3988 1475 4037 vocis
1493 3997 1579 4038 nutem

448 4077 490 4126 hic
510 4076 618 4126 omnino
633 4075 710 4125 aliam
725 4091 781 4124 esse
799 4075 850 4123 vim
864 4081 943 4138 utque
953 4075 980 4123 iu
991 4073 1134 4124 Theaeteto
1143 4075 1263 4124 vocabuli
1273 4075 1345 4139 quod
1354 4082 1393 4124 est
1404 4077 1581 4140 „pratropoc’',

446 4179 523 4213 nemo
543 4163 657 4227 negabit.

491 4251 519 4317 2)
540 4249 572 4298 cs.
596 4261 644 4312 174
655 4249 685 4298 C.

494 4337 522 4402 3)
542 4335 582 4386 cf.
602 4337 619 4385 i.
630 4351 653 4384 a.
673 4336 807 4398 Αλλιιλτι,
826 4334 880 4382 Der
899 4332 1063 4398 platonische
1076 4333 1175 4398 Begrill
1184 4333 1230 4383 der
1245 4333 1424 4399 Philosophie,
1438 4349 1480 4383 um
1496 4333 1581 4398 Lysis,

449 4423 573 4487 Phadros‚
602 4421 736 4471 Gastmuhl
765 4435 790 4468 u.
817 4419 842 4469 d.
868 4417 975 4467 Phidon
1000 4418 1158 4484 entuickest,
1183 4421 1223 4469 iu:
1249 4420 1372 4470 Zeitschr.
1397 4420 1417 4469 f.
1439 4419 1536 4469 Philos.
1555 4435 1581 4469 u.

449 4509 546 4576 philos.
567 4507 664 4572 Kritik,
685 4519 727 4572 51,
748 4505 824 4570 1867,
843 4521 919 4571 pagg.
940 4515 1053 4570 29-52‚
1074 4505 1219 4570 τσο-204.

494 4595 524 4662 4)
543 4596 582 4645 Cf.
602 4611 661 4660 pag.
683 4594 725 4660 56,
746 4593 805 4642 adu.
825 4604 839 4655 3
859 4593 916 4642 init.

496 4684 523 4750 5)
543 4683 583 4734 Cf.
603 4681 893 4748 Uenetum-Herum,
910 4679 963 4728 o.1.
983 4695 1041 4746 pag.
1061 4691 1085 4744 3.
