3698 5574
1004 661 1076 747 196

469 875 594 950 agam.
611 847 638 949 ¹)
672 852 803 926 Iurene
840 853 933 926 haec
964 853 1012 927 de
1042 853 1216 927 Hnsrono
1244 853 1398 950 eiusque
1425 849 1602 925 similibus

470 974 657 1048 dicuntur?
681 973 848 1073 Negavit
867 974 1070 1050 Znnnnaus
1086 971 1113 1074 ⁹)
1130 975 1272 1049 Contra
1286 1000 1422 1073 rogare
1436 999 1600 1071 possum,

468 1121 607 1171 numne
631 1098 771 1171 maiore
795 1097 871 1171 iure
899 1098 948 1172 ad
977 1097 1171 1196 Orpheum
1198 1097 1422 1172 reserantur:
1452 1121 1499 1170 ea
1528 1095 1602 1194 qui-

469 1219 554 1291 dem
579 1245 677 1318 quae
700 1220 749 1294 de
771 1221 841 1294 hac
861 1246 901 1295 re
921 1221 1045 1294 scribit
1060 1217 1304 1318 Susnufflffl),
1321 1243 1423 1294 mera
1438 1219 1601 1292 nituntur

467 1341 688 1433 coniectura,
717 1367 801 1415 cum
832 1344 926 1439 Rep.
958 1342 991 1414 ll
1025 1349 1099 1437 364
1124 1342 1156 1414 E
1180 1341 1291 1417 aliam
1315 1367 1507 1416 occurrere
1530 1339 1599 1414 loci

467 1465 650 1539 rationem
674 1490 742 1538 nec
767 1465 814 1538 ibi
838 1497 914 1568 φασι
937 1465 1041 1538 verbi
1064 1465 1270 1539 subiectum
1294 1491 1378 1540 esse
1402 1465 1598 1538 Musaeum

467 1602 505 1660 et
543 1587 737 1685 Orpheum
776 1586 890 1661 lusius
926 1613 1038 1687 snpra
1074 1587 1120 1662 sit
1154 1589 1364 1688 probatum.
1402 1587 1598 1661 Praeterea

514 1848 539 1916 1)
558 1847 636 1898 Haud
655 1848 709 1898 scio
730 1856 814 1897 utrum
833 1863 863 1897 ea
882 1862 949 1911 quae
968 1847 1058 1896 scribit
1079 1848 1177 1898 Gaura
1191 1848 1244 1898 o.l.
1262 1864 1321 1914 pag.
1338 1848 1400 1898 260:
1420 1849 1542 1912 ,Among
1556 1847 1599 1896 the

466 1935 539 1985 Gods
557 1935 613 1986 said
632 1943 658 1985 to
677 1935 710 1984 be
729 1933 877 1984 descended
895 1933 961 1983 from
981 1935 1082 1984 Uranus
1097 1936 1149 1985 and
1165 1935 1245 2002 Gaea,
1260 1952 1326 1986 were
1342 1935 1377 1985 all
1393 1935 1466 1984 those
1477 1943 1504 1984 to
1514 1935 1598 1983 whom

466 2023 557 2087 public
581 2023 695 2088 worship
721 2038 773 2072 was
798 2021 859 2086 paid
881 2021 910 2070 in
930 2022 1037 2088 Greece,
1056 2051 1091 2060 —
1111 2031 1138 2073 to
1157 2024 1242 2073 whom
1262 2023 1305 2073 the
1323 2023 1490 2088 genealogies
1509 2021 1598 2071 nithe

465 2110 553 2159 heroic
578 2108 630 2159 and
653 2109 743 2159 sacred
767 2108 877 2158 families
906 2123 972 2158 were
997 2110 1094 2174 traced,
1117 2109 1205 2177 sqq.'',
1228 2111 1262 2160 ad
1286 2112 1364 2160 verba
1388 2111 1452 2160 haec
1471 2117 1600 2176 spectent,

466 2212 558 2247 necne.
578 2197 674 2262 Utique
693 2196 726 2246 ad
746 2195 891 2245 Hesiodum
910 2197 1017 2261 eiusque
1036 2196 1135 2247 similes
1154 2197 1251 2248 Gaorn
1268 2199 1355 2247 locum
1374 2197 1460 2247 refert.

510 2283 539 2350 a)
558 2283 603 2332 Ph.
629 2283 654 2332 d.
681 2283 725 2332 Gr.
746 2283 779 2348 1³,
798 2297 858 2348 pag.
883 2280 917 2345 89
942 2281 1014 2348 (adn.
1039 2282 1078 2350 6):
1104 2319 1180 2348 ,....
1199 2284 1266 2334 Tim.
1291 2283 1400 2348 qui,
1421 2300 1462 2333 wo
1480 2283 1527 2332 mit
1545 2282 1597 2332 den

465 2370 602 2436 Dichtem,
621 2369 663 2419 die
683 2369 738 2418 sich
757 2369 839 2418 selhst
859 2367 899 2417 fiir
918 2367 1006 2419 Sdhne
1021 2386 1073 2419 von
1089 2371 1199 2420 Gottern
1217 2369 1596 2437 ausgeben,ttherhanptnicht

465 2457 576 2522 Hesiod,
599 2472 661 2506 von
681 2456 753 2506 dem
772 2455 865 2505 diess
883 2455 980 2506 nicht
999 2456 1131 2507 eraiihlt
1150 2458 1246 2524 wird,
1265 2458 1378 2508 sondem
1397 2473 1446 2507 nnr
1464 2457 1507 2505 die
1526 2457 1593 2520 Rep.

465 2544 501 2609 11,
521 2543 604 2607 364ss
623 2551 783 2607 genannten,
802 2541 924 2606 Orpheus
943 2541 997 2591 und
1015 2543 1131 2608 Mustius,
1147 2545 1262 2610 gemeint
1277 2545 1333 2594 sein
1349 2545 1471 2610 konnen3
1488 2544 1524 2592 im
1538 2558 1595 2591 vor-

464 2629 602 2694 liegenden
629 2629 686 2678 Fall
705 2629 767 2677 aber
784 2643 833 2677 nur
848 2627 932 2692 jener,
949 2628 1019 2677 denn
1040 2645 1091 2678 was
1110 2630 1152 2678 bei
1172 2631 1240 2680 Mus.
1260 2647 1312 2680 von
1331 2631 1403 2680 einer
1422 2629 1595 2692 Verbindung

464 2715 510 2766 des
539 2715 661 2765 Okeanos
688 2715 735 2764 mit
763 2713 810 2764 der
835 2713 890 2764 G‘a'a
915 2714 999 2778 stand,
1024 2731 1069 2764 aus
1095 2716 1141 2765 der
1165 2717 1341 2782 Triptolemus
1364 2717 1596 2782 hervorgegangen

465 2803 502 2852 sei
527 2800 617 2868 (Prius
636 2802 659 2866 Ι,
680 2815 721 2866 14,
740 2801 776 2866 3}
800 2807 872 2865 passt
893 2800 954 2866 (wie
973 2801 1038 2850 auch
1057 2802 1138 2852 Kana
1158 2819 1214 2854 aa
1234 2805 1266 2854 Ο.
1286 2818 1320 2867 42
1339 2805 1479 2872 einraumt)
1497 2820 1527 2853 an
1545 2803 1591 2852 der

389 2867 395 2880 ⁹
465 2888 624 2953 Genealogie
643 2887 689 2938 des
708 2888 814 2937 Timhus
832 2887 904 2937 nicht
923 2888 958 2936 im
977 2889 1135 2956 geringsten,
1153 2890 1271 2956 dngegen
1290 2891 1341 2941 ist''
1360 2906 1419 2956 sqq.

508 2974 604 3040 Utique
623 2975 685 3024 ratis
704 2975 769 3024 mira
787 2981 827 3024 est
841 2975 904 3024 haec
921 2975 1040 3024 Zaabram
1054 2976 1232 3027 ratiocinatio:
1249 2993 1309 3027 nam
1325 2978 1396 3043 prius
1412 2977 1491 3042 Rep.
1511 2975 1594 3039 364ss

463 3062 568 3127 probari
592 3062 664 3128 dicit,
689 3062 721 3112 ad
747 3061 881 3127 Orpheum
907 3070 940 3111 et
965 3062 1134 3113 Musaeum
1160 3064 1323 3114 referendum
1346 3079 1403 3114 esse
1422 3064 1490 3113 Tim.
1509 3063 1593 3126 40D:

463 3149 559 3200 deinde
583 3165 644 3199 vero
670 3148 776 3198 aliunde
795 3149 919 3214 ostendit,
936 3149 970 3198 de
989 3149 1096 3199 Musaeo
1114 3166 1260 3200 sermonem
1278 3167 1334 3202 esse
1354 3167 1407 3201 non
1428 3165 1526 3215 posse
1544 3151 1594 3200 hoc

462 3235 534 3286 loco:
555 3236 671 3301 sequitur
689 3249 746 3284 mea
764 3235 870 3300 quidem
890 3235 1025 3300 opinione,
1043 3243 1071 3284 ut
1091 3251 1138 3287 nec
1158 3237 1230 3302 quod
1248 3237 1281 3287 ad
1301 3237 1434 3302 Orpheum
1453 3237 1593 3302 quicquam

462 3324 621 3372 demonstret
647 3324 714 3388 Rep.
733 3322 759 3370 11
780 3321 879 3384 364E:
898 3337 958 3370 nam
980 3323 1011 3388 si,
1029 3324 1101 3387 qnod
1121 3325 1243 3374 Musaeus
1262 3332 1287 3374 et
1307 3325 1428 3390 Orpheus
1445 3319 1549 3380 ninivae
1565 3337 1595 3369 τι

460 3407 502 3456 arri
519 3412 621 3456 Mauras
635 3404 735 3469 'dy-soror
751 3407 881 3472 dicuntur,
897 3409 1046 3459 testimonio
1061 3417 1109 3476 est,
1120 3411 1224 3461 eosdem
1235 3411 1344 3462 indicari
1353 3412 1421 3462 Tim.
1431 3426 1466 3475 40
1476 3413 1501 3462 D
1511 3411 1596 3462 verbis

460 3492 569 3558 inparata
590 3493 654 3554 θεῶν,
678 3502 780 3544 constat
799 3501 885 3544 autem
902 3493 935 3544 de
955 3495 1063 3546 Musaeo
1081 3497 1131 3546 hoc
1150 3496 1209 3546 loco
1228 3513 1373 3548 sermonem
1391 3515 1446 3549 non
1464 3515 1530 3564 esse,
1548 3513 1595 3547 nec

462 3585 534 3651 quod
557 3584 590 3633 ad
615 3581 749 3648 Orpheum
773 3581 914 3646 quicquam
939 3583 1005 3631 effici
1029 3590 1115 3648 potest
1140 3599 1172 3633 ex
1191 3584 1237 3634 illo
1255 3585 1328 3635 loco:
1347 3593 1391 3635 aut
1409 3586 1442 3636 ad
1460 3593 1596 3650 utrumque

461 3679 505 3723 aut
523 3673 557 3722 ad
575 3677 694 3720 neutrum
713 3669 835 3735 pertinet.

507 3758 535 3826 3)
553 3758 605 3808 o.l.
625 3773 700 3822 pagg.
721 3757 798 3804 XVII
818 3770 892 3820 sqq.:
914 3756 969 3820 ,sin
990 3771 1051 3806 vero
1071 3757 1150 3824 [Rep.
1171 3759 1205 3808 11.
1226 3759 1278 3822 364
1288 3759 1320 3826 E]
1338 3759 1396 3809 talis
1411 3765 1449 3808 est
1466 3757 1593 3808 enuntiati

461 3853 596 3910 structura,
618 3851 647 3893 ut
671 3841 802 3892 sententia
826 3840 872 3890 sit:
901 3842 963 3906 „qni
987 3841 1058 3908 libri,
1082 3849 1109 3892 nt
1129 3843 1173 3893 isti
1192 3844 1311 3895 homines
1330 3844 1430 3908 dicunt,
1448 3844 1548 3894 Musaei
1567 3849 1592 3892 et

462 3932 562 3998 Orphei
586 3947 664 3996 opera
689 3936 750 3980 sunt
772 3927 884 3977 filiorum
910 3929 1000 3978 Lunae
1020 3936 1046 3978 et
1067 3931 1227 3996 Musarum’',
1247 3938 1333 3981 tamen
1351 3940 1420 3982 certe
1440 3938 1593 3998 personatus

461 4019 582 4085 Orpheus
600 4018 627 4067 in
647 4017 684 4067 eis
703 4015 829 4081 versibus,
849 4014 945 4080 quibus
964 4031 1067 4066 carmen
1087 4033 1160 4067 snum
1181 4018 1364 4082 theogonicum
1381 4027 1520 4084 personato
1536 4018 1593 4066 Mu·

460 4121 520 4157 saeo
539 4105 651 4170 dedicat,
666 4103 736 4154 hunc
752 4102 870 4169 appellat
886 4103 976 4153 Lunae
993 4103 1082 4170 filium,
1098 4113 1311 4170 quapropter
1327 4115 1361 4157 nt
1378 4123 1467 4156 snam
1483 4106 1592 4171 ipsius

460 4208 596 4259 qnoque
621 4191 772 4241 divinam
790 4189 962 4252 originem
979 4189 1013 4240 in
1032 4191 1150 4241 eodem
1169 4193 1318 4243 carmine
1337 4193 1591 4259 praedicaverit

460 4279 748 4331 verisimillimum
775 4276 895 4326 saltem
923 4277 999 4326 est.”
1029 4278 1127 4328 Meram
1155 4279 1222 4328 hane
1247 4295 1302 4329 esse
1327 4281 1510 4347 coniecturam,
1534 4281 1593 4345 quis

460 4383 513 4416 non
532 4367 619 4418 videti
638 4365 717 4430 Quod
732 4364 849 4414 versibus
866 4379 920 4412 non
935 4363 1013 4412 nimis
1029 4365 1154 4430 antiquis,
1170 4373 1198 4414 nt
1208 4365 1319 4434 videtur,
1328 4368 1376 4418 hac
1386 4367 1492 4434 quidem
1501 4367 1591 4432 forma,

460 4452 581 4519 Orpheus
606 4455 740 4504 Musaeum
765 4452 855 4500 Lunae
881 4448 963 4498 filium
988 4450 1063 4517 dixit,
1088 4467 1185 4501 numne
1211 4452 1275 4502 haec
1300 4462 1338 4503 est
1357 4470 1442 4519 causa,
1460 4470 1505 4504 cur
1523 4452 1592 4503 idem

458 4555 513 4590 non
537 4542 596 4591 dico
616 4543 759 4604 Musaeum,
777 4537 823 4587 sed
842 4552 870 4585 se
890 4537 976 4602 ipsum
994 4537 1100 4587 deorum
1120 4537 1201 4587 filium
1220 4539 1381 4604 appellaret?
1400 4541 1535 4590 Praeterea
1552 4555 1592 4589 ro-

459 4635 533 4690 gatur
548 4644 636 4678 annon
653 4627 775 4692 Orpheus
793 4624 896 4672 deoru
904 4639 928 4672 m
945 4623 1013 4673 filins
1023 4632 1091 4673 recte
1103 4623 1211 4690 dicatur,
1221 4640 1279 4675 cum
1289 4635 1387 4692 patrem
1396 4628 1451 4678 eius
1462 4627 1591 4692 Oeagrum

458 4712 537 4764 tuisse
556 4729 646 4764 omnes
665 4713 717 4762 iere
736 4709 909 4761 consentiant.
928 4710 996 4759 Vide
1015 4726 1075 4774 pag.
1098 4709 1157 4778 185,
1174 4711 1234 4763 adn.
1257 4725 1285 4779 ι,
1304 4729 1365 4778 pag.
1387 4712 1445 4782 198,
1464 4713 1525 4763 adn.
1544 4726 1567 4762 2.

450 5122 620 5307 f
