3698 5574
940 665 1011 737 168

405 877 596 936 auctorum
625 861 820 954 sententia,
850 887 925 935 non
953 859 1092 934 dicitur.
1125 859 1178 932 Ut
1204 860 1366 934 breviter
1393 860 1535 936 dicam:

405 984 501 1058 Tim.
541 1008 592 1077 40
607 985 644 1058 D
679 987 708 1062 oi
744 983 901 1090 εἰρηκότες
936 979 1109 1089 ἔμπροσθεν
1147 997 1231 1056 sunt
1258 982 1281 1055 ii
1310 983 1373 1081 qui
1400 997 1534 1082 agunt:

406 1106 501 1205 Rep.
552 1112 627 1201 364
655 1105 687 1178 E
735 1116 899 1198 Μουσαῖος
943 1108 1000 1183 καὶ
1047 1099 1191 1208 Ὀρφεύς,
1233 1107 1375 1197 Σελήνης
1410 1137 1442 1182 τε
1481 1107 1535 1182 καὶ

406 1243 544 1308 Μουσῶν
580 1225 705 1332 ἔγγονοι
740 1227 775 1318 ii,
811 1228 858 1302 de
892 1228 1024 1326 quibus
1057 1226 1195 1324 agitur,
1228 1225 1276 1322 3⁰.
1306 1227 1401 1300 Tim.
1433 1251 1484 1319 40
1499 1227 1534 1299 D

405 1376 480 1425 una
502 1365 646 1424 tantum
670 1350 924 1447 interpretatio
949 1366 1017 1440 est,
1043 1375 1126 1422 cum
1151 1348 1200 1423 ad
1228 1347 1317 1422 nihil
1345 1347 1444 1423 aliud
1469 1347 1536 1420 nisi

407 1473 456 1547 ad
484 1473 627 1578 ἐκγόνοις
654 1478 731 1551 θεῶν
759 1460 847 1552 οἶσιν
876 1472 1001 1547 referri
1030 1472 1172 1569 possint
1194 1473 1311 1546 verba
1333 1476 1377 1564 ὧς
1400 1469 1534 1575 ἔφασαν,

407 1596 509 1694 quod
533 1612 728 1694 praeterea
751 1613 880 1692 aperte
904 1595 1084 1670 indicatur
1107 1593 1241 1668 additis
1265 1592 1458 1668 vocabulis
1475 1593 1534 1697 μὲν

406 1765 457 1774 -
494 1720 549 1795 δέτ
587 1719 730 1822 ἐκγόνοις
758 1717 835 1822 μὲν
864 1724 940 1797 θεῶν
969 1705 1057 1797 οὖσιν
1085 1763 1136 1774 -
1164 1732 1274 1820 σαφῶς
1302 1719 1351 1794 δι’
1373 1749 1433 1796 πον
1462 1713 1536 1809 τοῦς

405 1873 442 1944 γε
478 1841 584 1918 αὐτῶν
620 1841 797 1944 προγόνους
833 1840 971 1919 εἰδέσινε
1010 1841 1105 1937 Rep.
1148 1839 1270 1934 364E
1308 1840 1426 1937 ipsum
1464 1840 1535 1912 hoc

406 1962 605 2060 quderitur,
645 1988 720 2059 quo
758 1960 836 2036 illa:
875 1961 917 2054 ὥς
944 1994 1021 2065 φασι
1050 1962 1277 2060 pertineant,
1308 1959 1349 2054 4⁰
1376 1960 1537 2058 denique

405 2129 456 2140 --
495 2084 531 2157 id
559 2085 661 2182 quod
691 2085 847 2182 posthac
876 2085 1046 2182 probabo
1074 2129 1126 2138 -
1153 2084 1249 2157 Tim.
1281 2108 1332 2176 40
1347 2084 1384 2156 D
1412 2083 1536 2156 verbis

404 2217 469 2299 τοῖς
492 2206 646 2310 εἰρηκόσιν
663 2203 834 2308 ἔμπροσθεν
850 2206 1001 2279 omnino
1017 2231 1091 2279 non
1107 2205 1334 2304 significatur
1348 2205 1533 2303 Orpheus

407 2330 494 2426 Ipsa
522 2345 647 2402 autem
676 2328 781 2418 haec,
812 2327 944 2426 quibus
972 2353 995 2402 a
1018 2327 1163 2401 Timaei
1187 2326 1270 2402 loco
1293 2327 1416 2402 dissert
1439 2327 1534 2424 Rep.

408 2457 482 2547 364
498 2449 543 2541 E,
574 2451 735 2523 Wuumu
761 2449 969 2524 sententiae
996 2449 1180 2524 contraria
1208 2465 1302 2523 sunt.

459 2573 630 2668 Denique
657 2571 798 2662 dubit0,
827 2596 953 2645 annon
977 2573 1129 2645 omnino
1152 2571 1200 2645 de
1224 2587 1305 2645 toto
1328 2570 1412 2645 loco
1435 2587 1535 2646 recte

406 2693 623 2767 iudicaverit
651 2693 818 2766 WEBER:
847 2691 984 2767 scilicet
1011 2694 1124 2767 etiam
1145 2693 1175 2766 si
1197 2709 1398 2785 constaret,
1423 2693 1535 2792 ipsius

407 2815 595 2888 Pnnronus
613 2814 836 2888 sententiam
855 2815 1045 2904 contineri,
1066 2830 1316 2912 quaereretur,
1333 2841 1421 2888 num
1437 2832 1536 2889 recte

407 2937 503 3010 hanc
525 2935 748 3010 sententiam
772 2935 1035 3033 interpretatus
1058 2954 1174 3011 esset:
1196 2937 1283 3011 mihi
1299 2937 1448 3034 quidem
1463 2937 1536 3011 alia

407 3060 554 3136 videtur
576 3059 645 3133 loci
670 3060 737 3151 viS,
763 3060 810 3133 de
835 3083 908 3157 qua
932 3075 1058 3134 tamen
1082 3060 1140 3132 hic
1165 3085 1239 3132 non
1254 3075 1311 3133 est
1326 3058 1533 3134 dicendum.

460 3182 536 3256 Sed
564 3181 601 3254 id
629 3181 750 3279 ipsum
780 3226 830 3237 —
859 3181 1047 3255 Pnnrorus
1075 3181 1200 3255 referri
1228 3181 1442 3280 opinionem
1465 3181 1538 3255 hoc

406 3303 490 3378 loco
527 3349 578 3358 -
617 3304 768 3397 omnino
797 3329 872 3377 non
900 3319 1063 3378 constat:
1093 3329 1169 3377 non
1197 3304 1365 3378 dicuntur
1392 3304 1486 3377 haec
1514 3329 1538 3378 a

408 3427 593 3516 Socnnru,
620 3426 694 3522 qui,
719 3427 884 3524 exceptis
907 3426 950 3499 iis
974 3451 1072 3523 quae
1096 3427 1276 3524 prooemii
1300 3425 1384 3500 loco
1408 3442 1538 3500 contra

408 3550 732 3623 Tunnsvuncuuu
756 3549 1022 3646 disputaverat,
1048 3548 1193 3622 decimo
1218 3549 1368 3622 demum
1388 3549 1538 3623 secundi

408 3669 488 3744 libri
516 3670 638 3768 capite
666 3673 756 3766 (367
774 3670 821 3766 E)
850 3697 955 3745 suam
984 3669 1098 3768 ipsius
1122 3670 1345 3744 sententiam
1368 3671 1539 3768 exponit:

408 3792 496 3867 dicit
518 3792 612 3866 haec
637 3793 879 3884 Anmnurm,
905 3793 1124 3868 Gunucours
1143 3793 1266 3883 irater,
1289 3809 1375 3890 post
1388 3793 1540 3867 fratrem

408 3917 524 3989 verba
566 3914 721 3990 iaciens:
765 3931 972 4014 uterque
1014 3931 1177 3990 tamen
1219 3941 1293 3988 non
1336 3915 1542 4013 exponit

408 4062 532 4136 quae
572 4038 679 4135 ipse
720 4038 895 4130 sentit,
938 4039 1022 4112 sed
1064 4064 1187 4136 quae
1225 4037 1312 4111 alii
1350 4055 1542 4112 conten·

408 4160 540 4234 disse
577 4160 809 4235 dicuntur
849 4161 1024 4253 refert,
1063 4161 1223 4236 Gunuco
1258 4161 1541 4234 Tnmsuuncut

408 4298 534 4381 partes
570 4282 637 4356 sibi
673 4309 825 4356 sumens
861 4328 912 4338 -
951 4283 1013 4380 qui
1048 4283 1150 4380 prius
1187 4309 1299 4379 quam
1328 4283 1541 4380 oportuita

408 4405 582 4478 SoanTE
619 4419 811 4503 tamquam
849 4430 1002 4502 serpens
1039 4431 1079 4478 se
1116 4403 1257 4478 deliniri
1293 4430 1426 4502 passus
1460 4431 1542 4478 esse

410 4526 444 4599 ei
481 4525 677 4599 videbatur
708 4572 772 4619 —,
801 4525 955 4624 eiusque
982 4527 1241 4623 redintegrans
1270 4526 1483 4622 opinionem
1495 4523 1540 4624 1);

457 4709 483 4778 1)
502 4709 542 4759 Cf.
557 4709 651 4776 3583:
666 4705 713 4756 “m
729 4704 767 4766 δή,
780 4705 837 4770 ὕφη,
851 4706 956 4757 tuum
971 4705 1013 4760 ναὶ
1021 4704 1089 4768 tuot,
1099 4702 1142 4756 tar
1151 4723 1191 4756 σοι
1200 4704 1286 4756 vair&
1295 4704 1362 4772 δοκῇ.
1371 4705 1545 4771 Θρασύμαχος
