3698 5574
957 678 1029 728 202

428 847 612 924 ceteris
647 849 847 926 fabulae
874 851 1130 944 heroibus,
1160 851 1332 926 nedum
1360 851 1556 925 deorum

427 973 614 1047 honore
652 998 755 1048 eum
793 973 1000 1049 afficiat.
1053 975 1194 1074 lpsas
1230 973 1556 1074 Orphicorum

426 1094 683 1169 doctrinas
709 1095 905 1195 plurimi
934 1097 1171 1172 faciebat:
1201 1098 1257 1171 ad
1284 1121 1420 1195 quem
1447 1122 1557 1172 vero

425 1218 735 1293 referrentur
758 1219 849 1294 hae
871 1221 1152 1314 doctrinae,
1177 1222 1225 1295 id
1250 1220 1445 1295 omnino
1469 1245 1558 1294 non

427 1340 644 1416 curabat

481 1465 709 1562 Orpheus
747 1467 915 1541 Pnnroru
952 1466 1077 1543 nihil
1113 1483 1189 1542 est
1227 1467 1321 1542 nisi
1350 1465 1561 1540 celeber·

426 1587 575 1662 rimus
614 1587 703 1662 ille
744 1589 970 1688 vulgaris
1007 1589 1210 1665 fabulae
1248 1605 1441 1680 cantor,
1480 1590 1560 1688 qui

427 1725 602 1784 cantus
629 1713 886 1787 suavitate
914 1713 1126 1788 mirifice
1150 1711 1436 1788 excellebat
1458 1736 1558 1786 can-

426 1847 577 1930 tuque
602 1860 688 1908 suo
711 1834 872 1909 omnia
897 1837 1146 1928 movebat,
1171 1835 1380 1933 denique
1402 1849 1556 1908 tamen

427 1953 681 2030 mulierum
710 1958 934 2033 manibus
961 1959 1381 2033 interficiebatur.

478 2077 646 2153 Talem
683 2081 837 2154 virum
873 2081 1023 2156 etiam
1057 2106 1231 2155 versus
1264 2079 1442 2166 fecisse
1470 2095 1558 2154 tra-

427 2201 575 2276 ditum
604 2201 759 2277 fuisse
788 2202 959 2300 itaque
986 2214 1175 2302 poetam
1204 2201 1429 2301 appellari
1457 2200 1558 2278 soli·

426 2338 523 2398 tum
559 2349 687 2417 esse,
725 2351 809 2423 per
841 2352 891 2400 se
918 2324 1240 2425 intellegitur
1268 2351 1356 2400 nec
1383 2350 1439 2399 ex
1467 2325 1558 2398 Pm-

426 2471 536 2522 roms
568 2449 804 2545 operibus
835 2475 928 2523 non
956 2464 1177 2547 apparet.
1208 2449 1370 2546 Ipsum
1398 2463 1559 2522 tamen

427 2571 636 2644 Pmromu
676 2572 892 2646 carmina
934 2572 1195 2669 quaedam,
1235 2570 1401 2645 literis
1441 2595 1560 2644 man-

426 2691 542 2765 data
578 2707 625 2765 et
661 2691 818 2790 ipsius
854 2693 1042 2768 Punrorus
1077 2708 1247 2768 aetate
1275 2708 1392 2767 nota
1418 2717 1473 2766 ac
1500 2692 1559 2766 di·

425 2812 634 2913 vulgata
655 2859 707 2870 -
728 2815 1070 2915 theogoniam,
1094 2816 1316 2914 hymnos,
1341 2815 1558 2888 carmina

425 2936 633 3034 mystica
662 2935 820 3035 (libros
841 2937 1142 3036 sacrificales)
1166 2982 1218 2994 -
1241 2938 1298 3012 ad
1322 2937 1556 3035 Orpheum

424 3073 677 3134 auctorem
705 3060 914 3153 referre,
943 3087 1031 3136 non
1060 3077 1193 3136 recte
1222 3086 1275 3135 ex
1303 3061 1399 3134 eius
1421 3060 1556 3157 scrip·

425 3181 486 3256 tis
523 3180 804 3282 colligitur:
842 3183 903 3258 iis
939 3182 1081 3277 locis,
1119 3184 1200 3282 qui
1228 3183 1287 3257 ad
1315 3181 1557 3257 eiusmodi

424 3305 764 3380 coniecturam
801 3331 946 3380 ansas
977 3306 1095 3380 dare
1123 3306 1334 3405 possint,
1363 3319 1446 3379 aut
1473 3330 1557 3378 om-

425 3427 538 3501 nino
572 3426 628 3501 de
655 3429 806 3502 certis
833 3428 1150 3520 carminibus,
1179 3426 1346 3516 literis
1373 3427 1558 3501 manda·

424 3550 504 3642 tis,
534 3574 627 3623 non
651 3551 1005 3650 agitur—Legg.
1032 3550 1329 3645 829E-,aut
1352 3548 1556 3643 aliorum,

424 3697 509 3747 non
543 3697 669 3746 suam
697 3674 980 3773 opinionem
1008 3673 1163 3748 refert
1191 3669 1356 3772 Pnnro¹)
1383 3716 1435 3727 -
1460 3671 1555 3770 Rep.

424 3793 778 3890 11364E-‚aut
806 3796 1020 3894 denique
1047 3821 1180 3870 suam
1208 3795 1477 3870 orationem
1501 3794 1556 3868 ad

422 3943 720 3993 communem
762 3919 1046 4016 opinionem
1089 3933 1136 3993 et
1177 3917 1374 3993 dicendi
1412 3917 1555 3991 ratio·

422 4065 526 4115 nem
561 4040 902 4115 accommodat
923 4085 974 4096 -
1000 4039 1140 4139 Cratyl.
1171 4064 1245 4134 402
1263 4041 1306 4133 B,
1329 4037 1419 4113 Phil.
1445 4045 1494 4113 66
1510 4037 1554 4130 C,

423 4163 544 4264 Legg.
577 4163 789 4257 669D-:
820 4164 948 4263 quod
976 4189 1094 4239 vero
1122 4163 1181 4237 ad
1208 4162 1306 4239 Tim.
1336 4184 1387 4255 40
1403 4160 1452 4253 D,
1481 4161 1556 4236 hic

468 4471 495 4540 1)
512 4472 574 4522 Alia
592 4471 672 4539 igitur
690 4477 729 4523 est
742 4471 809 4522 ratio
824 4471 980 4536 hymnorum
996 4477 1023 4520 et
1036 4468 1205 4534 theogoniae:
1215 4467 1282 4518 hanc
1292 4473 1361 4518 certe
1372 4465 1446 4517 novit
1455 4467 1557 4532 ΡιΛτο,

420 4559 483 4610 licet
499 4559 586 4624 ipsum
601 4559 709 4626 Orpheo
725 4575 783 4610 eum
799 4559 945 4609 adscribere
961 4573 1018 4608 enm
1031 4571 1085 4606 nou
1101 4561 1238 4621 appareat:
1255 4555 1363 4621 hymnos
1376 4569 1437 4604 vero
1448 4554 1555 4619 Orpheo

343 4667 351 4684 ι
420 4645 567 4711 adscriptos
585 4646 641 4697 eius
659 4653 744 4698 aetate
762 4645 889 4712 extitisse,
903 4645 1012 4696 huiusce
1027 4642 1064 4694 rei
1080 4641 1178 4692 iudicia
1192 4641 1264 4708 apud
1272 4640 1556 4692 Pmottwideutur

421 4747 477 4784 esse
497 4731 578 4784 nulls.
