3698 5574
795 656 865 729 Ι97

263 831 467 905 notandum
495 831 653 923 videtur,
683 831 793 907 latius
821 848 950 930 patere
977 831 1094 906 verba
1122 853 1219 928 quae
1243 839 1395 922 usurpat

262 954 455 1028 Tluunus:
499 979 573 1028 non
613 956 829 1030 nominatim
868 955 916 1030 dii
954 979 1111 1053 quorum
1149 949 1273 1056 ἔκγονοι
1309 964 1396 1022 sunt

261 1091 433 1151 auctores
460 1075 521 1166 illi,
549 1075 764 1169 afferuntur,
794 1093 834 1152 ut
863 1077 958 1176 Rep.
985 1077 1018 1149 H
1047 1083 1121 1172 364
1151 1075 1330 1147 Musaeus
1357 1086 1395 1144 et

262 1199 436 1297 Orpheus
465 1200 658 1272 Musarum
686 1216 725 1273 et
753 1200 881 1274 Lunae
910 1199 971 1273 filii
998 1197 1255 1298 appellantur:
1284 1219 1394 1294 gene·

262 1323 370 1396 ratim
393 1323 480 1396 dicit
503 1322 700 1396 TlMAEth:
726 1323 869 1428 ἐκγόνοις
892 1322 951 1427 μὲν
976 1327 1079 1400 θεῶν
1103 1307 1192 1400 οὖσιν
1215 1364 1267 1374 -
1288 1324 1391 1395 θεῶν

259 1452 380 1524 παισίν.
395 1441 422 1544 1)

316 1567 525 1664 Utrumque
550 1567 620 1640 hoc
643 1567 672 1640 si
697 1569 878 1642 memoria
899 1583 1057 1658 tenetur,
1082 1591 1203 1664 aeque
1225 1566 1323 1639 bene
1341 1608 1392 1618 -

263 1716 309 1763 ne
337 1691 458 1764 dicam
496 1688 612 1763 multo
650 1689 780 1764 melius
812 1735 862 1744 -
891 1692 939 1763 de
969 1689 1140 1764 Hesiodo
1169 1703 1208 1762 et
1234 1713 1396 1762 commu·

263 1813 357 1886 niter
392 1812 439 1886 de
467 1811 632 1910 vulgaris
659 1813 887 1911 theogoniae
915 1813 1037 1910 poetis
1063 1810 1135 1885 dici
1161 1812 1256 1884 haec
1283 1835 1395 1908 posse

261 1936 498 2009 statuendum
527 1935 674 2008 videtur
701 1961 745 2009 ac
772 1936 820 2009 de
845 1935 1011 2032 Orpheo,
1044 1933 1143 2008 Nam
1168 1934 1197 2007 si
1221 1978 1272 1988 —
1296 1958 1404 2031 quae¹

260 2074 318 2132 est
355 2073 482 2131 nostra
517 2058 702 2132 sententia
729 2101 781 2113 -
809 2058 912 2132 verbi
935 2055 1057 2161 ἔφασαν
1081 2056 1286 2130 subiectum
1310 2070 1396 2128 sunt

261 2181 328 2281 ipsi
357 2179 405 2253 illi
433 2180 589 2286 εἰρηκότες
616 2177 801 2286 ἔμπροσθεν,
825 2205 950 2255 nonne
975 2180 1168 2254 Hssrouus
1191 2178 1391 2276 Theogon.

261 2329 356 2378 vers
387 2328 437 2396 94
464 2329 569 2400 sqq.:

341 2429 376 2502 ἐκ
405 2421 470 2530 γὰρ
498 2422 675 2527 Μουσάων,
703 2425 832 2523 inquit,
860 2428 916 2503 καὶ
944 2425 1104 2529 ἑκηβόλον
1135 2420 1333 2514 ’Λπόλλωνος

341 2543 455 2651 ἄνδρες
483 2545 587 2624 οἷοιδοὶ
616 2543 704 2625 ἔασιν
732 2550 779 2625 ἐπὶ
806 2545 913 2652 χθόνα
940 2550 997 2623 καὶ
1027 2541 1267 2649 κιθαρίσταιέἢ

264 2672 374 2766 Quae
410 2665 566 2766 verba³)
604 2669 633 2742 si
670 2695 753 2742 curn
790 2669 937 2744 Timaei
965 2667 1032 2743 illis
1060 2667 1204 2772 ἐκγόνοις
1229 2666 1288 2770 μὲν
1316 2673 1393 2744 θεῶν

309 2913 335 2980 1)
356 2913 386 2964 ld
411 2913 483 2979 quod
508 2911 686 2962 annotandum
712 2920 759 2962 est.
785 2912 901 2962 Omnino
927 2927 980 2961 non
998 2919 1117 2978 apparet,
1135 2913 1208 2979 ipsos
1226 2913 1286 2962 illos
1304 2917 1396 2977 poetas

262 3002 296 3051 ad
313 3009 394 3050 certos
419 2998 546 3065 quosdam
570 2998 634 3048 deos
659 3015 741 3064 genus
766 3015 840 3048 suum
864 2998 981 3049 duxisse:
1007 2999 1150 3063 generatim
1169 3015 1184 3048 a
1203 3000 1254 3048 diis
1272 2999 1396 3048 oriundos

260 3103 316 3138 esse
341 3101 368 3136 se
395 3086 529 3136 dixerunt:
554 3081 673 3146 (ἱνγόνοις
696 3083 741 3143 μιν
765 3081 820 3131 θεῶν
845 3077 923 3138 οὖσιν,
947 3081 979 3140 ὡς
1001 3079 1123 3146 ioarmh
1147 3101 1178 3134 ex
1198 3101 1250 3150 quo
1269 3086 1395 3135 Truanus

258 3173 375 3240 (Puro)
394 3173 480 3238 efficit,
500 3172 562 3222 deos
581 3188 669 3223 eorum
688 3177 821 3236 προγόνους
839 3189 904 3238 esse,
925 3188 991 3237 quos
1008 3180 1085 3222 notos
1102 3188 1158 3222 esse
1173 3171 1205 3221 iis
1221 3172 1287 3222 hanc
1297 3172 1395 3221 obrem

260 3261 400 3312 verisimile
419 3260 452 3310 sit
471 3255 539 3319 (τοις
556 3274 595 3320 γι
609 3255 692 3306 αὐτῶν
701 3255 952 3320 προγόνους..-ο5ς
961 3255 1039 3306 οἰκεῖοι
1048 3258 1193 3320 φασκόντων
1202 3254 1395 3320 bruy-stanno).

305 3350 333 3415 2)
352 3347 441 3397 Minus
461 3353 579 3396 accurate
598 3348 777 3397 Parthienen
795 3347 824 3396 in
841 3347 996 3412 theogoniae
1012 3346 1228 3412 interpretatione
1239 3346 1394 3397 Germanica

259 3434 411 3502 (Hesiodus.
431 3433 518 3483 Helle.
540 3432 629 3500 1896),
649 3449 708 3499 pag.
731 3446 795 3495 104:

305 3553 401 3616 ¹,Denn
420 3550 501 3601 durch
519 3550 565 3600 der
584 3549 676 3600 Museu
696 3550 835 3600 Gesehenk
854 3549 908 3599 und
925 3550 978 3599 deu
998 3550 1202 3600 Fernhintreiier
1221 3551 1337 3617 Apollon

304 3638 418 3688 Werden
437 3653 468 3687 nn
487 3637 703 3702 Lautenspielern
722 3637 764 3687 die
784 3637 927 3686 Menschen
946 3638 1001 3686 und
1019 3637 1135 3702 Sangern
1154 3637 1201 3687 aui
1217 3635 1331 3688 Erden.’'

305 3755 426 3804 Ceterum
447 3770 480 3803 ex
500 3753 624 3802 Hnslono
642 3768 730 3803 versns
748 3754 904 3803 transierunt
922 3754 950 3803 in
969 3754 1094 3818 hymnum
1110 3755 1277 3804 Homericum
1294 3755 1394 3821 XXIV,

259 3837 300 3897 Ek
317 3837 420 3896 Μούσας
436 3837 479 3886 nai
496 3838 652 3894 Ἀπόλλωνι,
669 3855 719 3889 vss.
736 3853 761 3906 a,
775 3851 800 3902 3.
811 3839 851 3890 Cf.
862 3839 989 3906 Guuonn,
998 3841 1049 3890 Die
1060 3841 1249 3891 Homerischeu
1260 3842 1393 3907 Hymnen,

332 3967 339 3980 .
474 3927 498 3976 6.

262 3945 332 4083 wig)
351 3938 551 4080 diiidiquod
570 4014 710 4063 Hnsronus
727 4012 834 4062 deorum
852 4029 924 4062 suam
943 4013 1062 4063 notitiam
1078 4030 1094 4062 a
1111 4014 1202 4080 Musis,
1218 4014 1235 4064 i.
1246 4030 1269 4064 e.
1285 4015 1318 4063 ab
1327 4014 1393 4080 ipsis

257 4103 308 4153 dtis
326 4103 457 4168 accepisse
476 4118 503 4152 se
522 4101 665 4166 significat:

258 4191 292 4240 cf.
311 4191 411 4256 Theog.
430 4206 480 4240 vss.
501 4203 544 4255 aa,
563 4201 596 4252 23
616 4187 669 4254 (ed.
690 4188 987 4255 normanicum

497 4306 530 4354 ae'l
542 4303 569 4353 νύ
587 4304 641 4354 ποθ’
656 4301 770 4353 Ἡσίοδον
786 4303 864 4360 καλὴν
881 4299 997 4368 tonatur
1014 4299 1105 4360 ἀοιδήν,

498 4386 571 4449 ὕμνοις
588 4384 739 4447 ποιμαίνονθ’
757 4385 886 4442 ‘Emtae
903 4385 951 4434 {ino
970 4383 1077 4450 ζαθέοιο,

258 4506 303 4572 qui
321 4521 411 4556 versus
429 4519 488 4555 cnm
506 4503 538 4553 iis
558 4503 603 4568 qui
622 4502 779 4552 antecedunt
799 4501 966 4566 comparandi
982 4508 1056 4568 sunt3
1073 4508 1206 4567 praeterea
1215 4518 1267 4552 νος.
1277 4515 1311 4565 29
1321 4515 1389 4567 sqq.:

495 4618 549 4676 Ὣς
564 4615 662 4679 ’ionem
679 4618 762 4677 κοῦραι
780 4614 895 4678 μεγάλου
914 4617 972 4673 Διὸς
988 4613 1135 4676 ἀρτιέπειαι·

497 4702 543 4749 nal
557 4717 599 4761 μοι
616 4701 741 4761 σκῆπτρον
758 4695 812 4747 'idon
829 4695 920 4761 Motene
938 4694 1060 4761 intanto:
1075 4695 1135 4764 ’ὄζον
