3698 5574
822 659 891 746 167

291 846 352 923 illo
390 848 632 947 Reipublicae
668 850 752 925 loco
788 868 914 926 autem
951 853 1153 926 verborum
1190 849 1232 943 ὥς
1259 881 1335 954 φασι
1363 875 1420 923 su-

290 972 450 1046 biectum
487 988 573 1047 sunt
610 999 686 1047 non
722 975 745 1047 ii
783 975 844 1072 qui
881 972 994 1048 libros
1030 974 1218 1072 scripsisse
1255 973 1420 1046 feruntur

289 1138 341 1150 -
380 1093 577 1170 Musaeum
614 1096 697 1170 dico
733 1113 772 1171 et
805 1097 999 1196 Orpheum
1027 1141 1090 1187 -‚
1120 1097 1187 1170 sed
1216 1094 1278 1193 qui
1305 1092 1418 1168 libros

289 1216 358 1290 hos
380 1217 571 1314 proferunt
595 1233 633 1292 et
655 1216 830 1317 vulgant:
856 1220 935 1315 ipsi
945 1235 1041 1310 sunt,
1058 1218 1132 1316 qui,
1149 1233 1190 1291 ut
1203 1215 1417 1314 disciplinae

287 1363 378 1413 suae
414 1341 532 1414 maior
569 1340 724 1414 accedat
751 1341 964 1431 auctoritas,
994 1357 1115 1415 ortam
1143 1365 1227 1414 eam
1255 1363 1338 1413 esse
1367 1339 1416 1412 di·

287 1478 374 1535 cunt
401 1478 439 1535 et
466 1464 712 1562 conscriptam
740 1489 763 1538 a
789 1463 948 1538 Musaeo
971 1479 1009 1538 et
1033 1462 1200 1560 Orphe0,
1226 1463 1356 1536 Lunae
1378 1478 1416 1536 et

290 1583 481 1658 Musarum
510 1581 646 1682 filiis:¹)
679 1584 727 1662 2⁰.
756 1584 901 1660 Timaei
930 1584 1032 1660 locus
1060 1586 1224 1683 ipsorum
1251 1599 1314 1661 τῶν
1336 1590 1419 1687 εἰρη-

287 1706 388 1784 κότων
412 1704 586 1811 ἔμπροσθεν
610 1708 718 1783 affert
732 1709 974 1783 sententiam:
991 1725 1113 1782 utrum
1128 1733 1219 1781 vero
1234 1707 1417 1781 sententia

286 1828 380 1902 haec
407 1827 535 1902 litteris
562 1831 609 1903 sit
632 1831 822 1922 mandata,
847 1831 884 1902 id
907 1830 996 1928 ipsis
1020 1829 1171 1928 quidem
1195 1829 1318 1902 verbis
1341 1854 1416 1903 non

288 1949 454 2042 additur3
495 1951 532 2024 in
578 1951 783 2050 Republica
825 1979 917 2027 vero
954 1953 1033 2026 libri
1069 1977 1160 2026 sane
1192 1977 1416 2026 commemo·
1454 1997 1456 2002 ·

288 2089 427 2164 rantur,
456 2074 544 2171 quid
572 2091 699 2148 tamen
726 2075 763 2148 hi
791 2073 871 2150 libri
899 2075 1125 2167 contineant,
1154 2089 1219 2148 aut
1246 2099 1343 2170 quae
1371 2074 1418 2146 sit

335 2301 361 2369 ι)
379 2304 411 2354 ld
429 2302 501 2369 quod
519 2304 582 2353 satis
600 2303 665 2354 mihi
682 2311 801 2354 constare
818 2303 933 2353 videtur:
954 2319 1014 2353 nam
1033 2303 1117 2368 ipsum
1130 2308 1180 2367 per
1193 2317 1218 2350 se
1227 2301 1333 2366 quidem
1342 2301 1421 2350 etiam

288 2389 410 2439 Musaeus
431 2397 457 2440 et
482 2389 603 2456 Orpheus
629 2391 702 2440 verbi
726 2395 790 2451 φασι
814 2391 958 2440 subiectum
983 2405 1040 2439 esse
1065 2395 1192 2454 poterant,
1215 2389 1251 2438 ita
1275 2395 1304 2437 ut
1321 2388 1373 2454 ipsi
1392 2388 1420 2438 in

287 2475 362 2526 libris
380 2492 408 2526 se
426 2476 533 2526 deorum
552 2477 704 2542 progeniem
722 2493 779 2527 esse
798 2477 927 2528 dicerent:
946 2477 994 2526 sed
1007 2475 1058 2525 hoc
1074 2491 1108 2525 ne
1118 2483 1267 2540 statuamus,
1278 2475 1420 2525 tammulta

288 2566 402 2629 obsunt,
425 2571 453 2613 ut
477 2563 570 2613 falsum
592 2579 649 2614 esse
667 2565 711 2614 vix
728 2563 792 2614 mihi
812 2564 920 2614 dubium
935 2563 1061 2613 videatur.
1078 2562 1180 2628 Nempe
1195 2578 1249 2612 non
1268 2562 1420 2612 solumsub-

287 2652 412 2700 iectorum
436 2649 544 2700 mutatio
568 2649 707 2700 admodum
724 2658 792 2701 esset
811 2651 883 2716 dura,
899 2666 957 2700 cum
974 2657 999 2699 et
1015 2644 1171 2709 παρέχονται
1187 2656 1214 2698 et
1229 2643 1378 2702 δνιρπολοῦσι
1395 2654 1420 2699 et

286 2733 410 2791 ποίδοντις
433 2736 580 2786 subiectum
596 2737 708 2787 babeant
727 2733 837 2798 δγνρται
854 2733 897 2784 eal
912 2733 1028 2795 μάντιιςς
1047 2751 1101 2786 nou
1120 2736 1204 2786 solum
1223 2752 1271 2802 pro
1290 2736 1421 2802 praesenti

288 2831 405 2890 tempore
428 2823 521 2873 melias
539 2823 693 2873 scriberetur
710 2821 903 2888 imperfectum:
922 2822 967 2872 sed
984 2823 1123 2887 praecipue
1138 2822 1205 2872 illud
1221 2818 1253 2878 lla
1266 2826 1338 2890 φατιἱ
1349 2823 1421 2889 quod

288 2911 394 2962 exhibet
418 2909 510 2960 similis
528 2910 658 2960 sententia
676 2926 736 2975 pag.
756 2908 807 2973 364
818 2909 938 2975 B‚.cuius
956 2910 1101 2959 subiectum
1120 2909 1189 2958 idem
1207 2917 1246 2960 est
1263 2918 1342 2976 atque
1361 2926 1418 2960 sen·

287 2997 384 3047 tentiae
403 2996 435 3046 de
455 3011 507 3061 qua
524 3011 572 3045 nos
590 2995 690 3061 agimus
709 2989 830 3058 [ἀγύρται
848 2989 875 3041 il
892 2990 935 3042 ιιιιδ
952 2991 1055 3052 μαντοις
1071 2989 1113 3041 iel
1127 2993 1252 3041 narretur
1263 2991 1420 3054 liparitanae

287 3081 410 3132 ποίδονσιν
431 3078 462 3138 ὥς
478 3078 537 3128 iera
554 3081 621 3142 παρὰ
640 3079 712 3142 σφίσι
731 3077 834 3140 δύναμις
851 3076 880 3128 δα
897 3078 953 3128 δοῦν
970 3077 1119 3143 ποριζομένη
1136 3077 1232 3138 δνσΙαις
1248 3095 1279 3128 το
1296 3079 1339 3129 eal
1355 3077 1420 3142 ἔτορ-

287 3161 350 3221 δαῖς,
374 3159 426 3211 ὅτι
449 3178 476 3210 τι
498 3159 609 3222 dilaniat
626 3178 672 3210 τον
691 3159 794 3226 γίγαντι
810 3159 890 3211 αὐτοῦ
906 3161 921 3218 ἢ
938 3163 1068 3224 προγόνων,
1085 3159 1197 3211 tutetur
1213 3161 1268 3223 μοδ’
1286 3160 1373 3218 ἡδονῶν
1390 3178 1421 3211 το

284 3245 327 3295 real
349 3240 447 3305 δορτῦν,
476 3242 518 3291 δάν
539 3241 571 3292 τί
586 3260 644 3292 τινα
661 3240 748 3307 δχδρδν
766 3245 874 3304 πημῆναι
893 3239 974 3307 illas,
991 3245 1058 3305 μοτδι
1076 3249 1183 3306 σμικρῶν
1201 3241 1314 3293 δαπανῶν
1331 3244 1420 3306 ὁμοίας

285 3325 377 3376 δίκαιον
394 3323 471 3387 ἀδίκῳ
489 3323 605 3387 βλάψαν,
623 3327 770 3388 intumuit
788 3325 843 3374 ml
859 3324 902 3375 ιιαδ
918 3323 1088 3387 καταδέσμοις
1105 3327 1164 3384 ποδς
1182 3325 1257 3385 δοιός,
1275 3325 1313 3384 tta
1326 3331 1420 3390 φασι,

283 3406 408 3466 reltania
431 3414 517 3470 σφισιν
542 3405 697 3477 imantia}
719 3410 848 3476 imprimis
872 3410 941 3460 illud
964 3411 991 3460 in
1016 3411 1095 3461 simili
1119 3412 1250 3462 sententia
1267 3419 1418 3476 usurpatum

286 3495 318 3555 tta
334 3501 407 3564 quer,
426 3498 544 3563 inquam,
560 3497 604 3546 hic
623 3512 729 3562 quoque
748 3497 893 3546 subiectum
912 3513 968 3547 esse
986 3494 1100 3558 ἀγύρτας
1117 3495 1159 3545 aa>
1176 3493 1280 3556 μάντεις
1298 3498 1400 3564 probat.

330 3585 423 3650 Itaque
438 3585 493 3635 inre
507 3584 621 3650 Wanaa,
637 3598 794 3649 quamquam
810 3599 869 3648 pag.
886 3581 920 3647 38
935 3583 968 3633 de
978 3583 1026 3633 hac
1036 3599 1062 3633 re
1073 3590 1150 3648 tacet,
1159 3601 1218 3650 pag.
1231 3593 1343 3650 7aperte
1354 3585 1418 3635 dicit

283 3673 368 3723 idem:
394 3672 495 3736 „Dabei
515 3671 657 3720 bedienten
676 3671 713 3720 sie
733 3669 859 3736 [Gaukler
880 3669 934 3719 und
952 3670 1158 3737 Bettelpriester]
1178 3671 1233 3721 sich
1252 3671 1298 3720 der
1316 3671 1417 3721 Bitcher

286 3760 332 3809 des
356 3758 478 3824 Orpheus
499 3757 554 3807 und
573 3757 690 3821 Masius,
710 3756 764 3806 und
782 3772 826 3806 um
844 3756 923 3806 deren
943 3756 1128 3807 Wirksamlreit
1145 3759 1174 3807 in
1192 3758 1243 3808 den
1262 3759 1356 3824 Augen
1373 3759 1418 3808 der

286 3845 427 3912 gltubigen
447 3846 552 3896 Th0ren
571 3843 640 3895 noch
658 3860 688 3893 zu
704 3845 827 3910 steigern,
842 3844 991 3894 erhoben
1007 3844 1056 3893 sie
1072 3845 1114 3894 die
1131 3845 1303 3895 Verfasserzu
1314 3845 1416 3896 Gdtter·

286 3933 388 3984 sbhnen
399 3968 406 3982 .
417 3968 424 3983 .
435 3969 459 3982 ..
478 3931 571 3983 Platon
589 3931 692 3982 wendet
705 3931 760 3982 sich
776 3946 859 3996 gegen
876 3931 922 3981 das
932 3946 975 3980 aar
984 3930 1124 3997 Erzielung
1133 3932 1243 3981 hbherer
1251 3931 1416 3982 Einnahmen

285 4034 337 4070 von
361 4019 443 4069 ihnen
462 4017 614 4083 ersundene,
634 4032 685 4067 von
703 4015 852 4066 barmlosen
872 4016 977 4066 Thoren
997 4017 1136 4083 geglaubte
1155 4017 1280 4067 Mirchen
1298 4033 1350 4068 von
1371 4019 1417 4069 der

286 4104 429 4172 gdttlichen
449 4103 569 4155 Abkunft
587 4103 656 4154 ihres
675 4103 805 4168 Orpheus.
825 4103 859 4152 Er
879 4102 950 4153 stellt
969 4103 1024 4153 sich
1042 4103 1070 4153 in
1089 4104 1208 4154 sebarien
1225 4104 1371 4170 Gegensata
1386 4122 1416 4156 zu

284 4192 368 4243 dieser
392 4191 525 4258 Legenda,
549 4205 577 4240 er
602 4190 658 4256 sttgt
677 4207 707 4240 au
725 4193 749 4237 Σ.
767 4203 798 4236 τι
815 4186 856 4236 nal
873 4192 906 4236 Μ.
925 4184 1034 4250 imm
1051 4191 1142 4241 hinnu:
1162 4187 1193 4246 tta
1210 4193 1274 4252 φασι
1291 4190 1375 4258 (Subi.
1389 4215 1413 4238 =

280 4274 389 4340 αγόρται
415 4275 457 4325 καὶ
482 4275 602 4338 ράντοις),
633 4292 662 4326 er
693 4281 782 4326 trennt
816 4275 871 4325 ihre
904 4276 1015 4326 Ansicbt
1042 4275 1224 4327 ausdrucklich
1251 4293 1303 4328 von
1333 4279 1418 4328 seiner

283 4363 421 4430 eigenen.”
441 4379 501 4430 sqq.

327 4451 424 4516 Utique
448 4451 502 4501 fieri
526 4457 623 4516 potest,
640 4456 669 4499 nt
683 4445 753 4508 Φασί
764 4447 920 4512 generaliter
936 4456 1088 4513 usurpatum
1103 4450 1146 4516 sit,
1162 4456 1190 4499 ut
1206 4449 1301 4500 latine:
1317 4450 1418 4517 dicunt,

283 4539 401 4605 belgice:
425 4555 482 4588 men
503 4546 574 4604 nega·
597 4535 669 4603 quod
694 4543 780 4586 tamen
806 4551 840 4585 ne
865 4541 1007 4586 statuamus
1032 4537 1117 4602 primo
1136 4538 1223 4587 omnia
1241 4537 1295 4587 fere
1313 4539 1418 4588 obstant

283 4639 351 4690 quae
366 4631 457 4674 contra
475 4625 583 4674 alteram
599 4623 672 4673 illam
690 4622 932 4687 interpretationem
950 4621 1026 4672 huius
1045 4623 1222 4674 annotationis
1238 4624 1315 4674 initio
1332 4624 1418 4674 attuli·

284 4725 355 4762 maa:
375 4717 507 4778 praeterea
524 4711 583 4777 ipsa
600 4709 633 4760 de
652 4724 704 4775 qua
721 4708 806 4774 agitur
824 4723 865 4759 res
883 4709 927 4758 vix
947 4709 984 4759 ita
1001 4717 1150 4761 mutaretur.
