3654 5564
972 650 1042 727 108

439 872 567 920 verum
592 846 800 922 inveniatur
823 847 953 947 inquiri
976 850 1079 924 iubet
1101 873 1176 923 non
1200 846 1320 922 solum
1340 848 1374 921 in
1391 847 1571 940 Graecos,

440 995 605 1043 verum
633 969 782 1044 etiam
811 971 855 1045 iu
878 967 1572 1074 barbaros:¹)Holli.piuliminis,

440 1082 696 1196 dutpnq...
734 1089 876 1172 πολλὰ
913 1093 958 1172 δὲ
999 1097 1074 1172 καὶ
1116 1089 1167 1171 τὰ
1208 1109 1288 1171 τών
1331 1089 1571 1198 βαρβάρων

442 1212 571 1315 γένη,
599 1209 672 1305 οὓς
699 1212 870 1307 πάντας
897 1216 979 1320 χρὴ
1010 1219 1325 1322 διερευνᾶσθαι
1355 1212 1493 1311 κ.τ.λ.2)

493 1335 595 1430 Quid
618 1351 745 1409 autem
760 1336 795 1409 in
810 1337 1021 1410 uuiversum
1037 1337 1084 1411 de
1099 1337 1266 1411 barbaris
1280 1337 1417 1410 sentiat
1432 1336 1571 1427 ΡιΑτο,

440 1458 601 1531 maxime
620 1457 691 1531 hoc
706 1475 865 1555 apparet
878 1485 925 1532 ex
939 1459 1112 1557 Epiuom.
1131 1462 1205 1554 987
1223 1459 1260 1532 D
1275 1483 1374 1556 sqq„
1389 1457 1572 1556 siquidem

441 1579 499 1652 hic
536 1577 708 1678 dialogus
735 1597 793 1654 est
821 1577 1066 1677 Prurou1s³lz
1096 1578 1251 1686 λάβωμεν
1279 1579 1315 1657 δὲ
1343 1585 1386 1673 ὡς
1414 1579 1431 1656 ὅ
1458 1585 1490 1658 τί
1515 1611 1572 1684 περ

486 1839 513 1904 1)
531 1839 572 1889 Cf.
597 1839 757 1888 Wmnmurt
781 1838 834 1889 o.l.
859 1855 919 1904 pag.
945 1851 992 1902 17:
1018 1839 1127 1904 „Platon
1152 1839 1226 1889 weist
1250 1839 1313 1889 aber
1330 1837 1396 1889 auch
1414 1839 1461 1888 auf
1476 1853 1574 1888 ausser·

439 1925 600 1992 griechische
619 1925 732 1988 Quellen
751 1925 796 1974 des
816 1925 950 1976 Glaubens
968 1924 1042 1975 hin.”

484 2013 512 2080 2)
531 2013 636 2064 Scilicet
652 2013 797 2062 excitantur
814 2013 936 2077 discipuli
952 2019 980 2062 ut
996 2013 1155 2078 investigent
1171 2012 1284 2059 τοιοῦτον
1299 2006 1401 2072 ἐπῳδόν,
1415 2013 1462 2078 qui
1471 2027 1575 2078 persua·

440 2101 501 2151 dere
519 2099 552 2150 iis
570 2100 663 2166 possit,
680 2114 768 2149 revera
786 2099 957 2149 immortalem
977 2114 1034 2150 esse
1053 2099 1177 2164 animum,
1196 2113 1281 2164 neque
1297 2115 1311 2150 e
1327 2113 1436 2164 corpore
1446 2098 1574 2148 exceden-

440 2195 491 2238 tem
516 2187 588 2237 venti
613 2185 673 2236 flatu
695 2185 811 2252 dispergi
829 2201 859 2235 ac
879 2186 1008 2253 dissipari,
1028 2186 1116 2251 itaque
1135 2201 1189 2235 uon
1209 2200 1275 2252 esse,
1293 2201 1339 2236 cur
1357 2201 1426 2236 mors
1445 2192 1573 2238 metuatur

439 2273 484 2340 (ct.
505 2275 573 2337 771>
592 2272 673 2339 sm)-

484 2359 513 2427 3)
531 2360 652 2425 Plerique
668 2359 717 2408 viri
732 2359 803 2409 docti
817 2358 897 2408 hodie
913 2359 1056 2425 Epinomin
1067 2359 1184 2425 spurium
1194 2375 1249 2410 esse
1260 2367 1369 2410 censent
1377 2359 1423 2426 (cf.
1433 2360 1509 2410 Hon-
1520 2376 1545 2409 o.
1554 2359 1573 2409 l.

440 2448 475 2498 11.
494 2463 554 2513 pag.
574 2444 640 2510 238:
661 2447 762 2510 ,Parmi
780 2446 819 2496 les
836 2445 982 2512 modernas,
1001 2447 1171 2512 Tiedemann,
1189 2447 1372 2512 Tennemann,
1390 2447 1472 2497 Grote
1490 2453 1517 2496 et
1535 2445 1573 2494 M.

440 2533 570 2598 Chaignet
579 2539 638 2582 sont
648 2533 663 2582 ir
673 2548 724 2596 peu
735 2531 794 2596 pres
801 2531 1063 2583 senls'aconsidkrerl
1067 2532 1212 2598 'Epinomis
1218 2547 1318 2582 comme
1326 2532 1405 2582 sortie
1411 2532 1477 2582 dela
1484 2531 1573 2596 plume

439 2620 473 2670 de
488 2617 623 2684 Platon”):
640 2634 730 2668 causas
745 2626 879 2669 enumerat
895 2619 969 2668 Hurr
984 2619 1002 2668 l.
1013 2619 1030 2668 l.
1046 2620 1190 2668 Heumann
1206 2635 1313 2684 quoque
1323 2619 1440 2669 Platonis
1450 2618 1573 2669 editionis

440 2705 638 2756 Teubnerianae
647 2705 701 2754 vol.
712 2705 749 2753 VI
758 2704 881 2754 asterisco
891 2719 950 2754 enm
961 2712 1042 2755 notat.
1059 2705 1211 2756 Communis
1220 2705 1273 2756 sere
1284 2715 1323 2756 est
1332 2705 1433 2772 opinio,
1441 2705 1575 2770 dialogum

439 2793 509 2842 hunc
528 2792 727 2842 adscribendum
744 2807 800 2841 esse
820 2791 944 2856 Philippo
963 2791 1093 2858 Opuntio,
1111 2791 1157 2858 qui
1178 2791 1248 2842 idem
1267 2793 1404 2843 Pnunouts
1419 2794 1504 2858 Leges
1520 2791 1573 2842 edi·

440 2879 509 2928 disse
527 2878 615 2928 fertur.
635 2879 720 2941 Quam
739 2879 892 2944 opinionem
910 2879 965 2929 iure
985 2878 1115 2944 redarguit
1134 2877 1275 2946 Gomrwq
1291 2879 1337 2929 Gr.
1348 2880 1382 2929 D.
1392 2880 1427 2929 11.
1438 2895 1497 2944 pag.
1508 2879 1574 2944 5633

440 2981 508 3030 qnae
526 2966 559 3016 ad
577 2981 634 3016 eam
651 2965 826 3015 affirmandam
845 2965 918 3015 affert
937 2966 1012 3014 Hutt·
1031 2981 1056 3014 o.
1067 2966 1085 3015 l.
1101 2981 1161 3031 pag.
1178 2966 1230 3030 236
1246 2981 1304 3031 sqq.
1321 2966 1383 3016 satis
1398 2964 1520 3015 sidentur
1535 2965 1574 3014 in·

440 3053 512 3104 firma
535 3069 600 3104 esse.
625 3053 761 3103 Praeterea
780 3052 903 3117 equidem
921 3067 975 3100 non
994 3051 1056 3101 satis
1074 3066 1166 3102 causae
1185 3052 1271 3116 video,
1290 3067 1335 3102 cur
1353 3051 1486 3118 dialogum
1504 3051 1575 3101 hunc

440 3141 544 3192 Platoni
568 3140 754 3190 abiudicemus.
780 3139 812 3189 ld
836 3139 909 3205 quod
932 3138 996 3188 dicit
1015 3139 1149 3188 Gontt’ttnz
1167 3137 1233 3205 (o.l.
1253 3155 1313 3204 pag.
1333 3138 1409 3206 564):
1431 3139 1494 3204 „der
1511 3139 1575 3188 Ver·

439 3228 520 3278 lasset
538 3228 584 3279 der
602 3229 740 3295 Epinomis
758 3227 812 3294 hat,
829 3243 905 3277 wenn
922 3242 950 3276 er
965 3225 1039 3276 nicht
1056 3226 1147 3277 Platon
1164 3225 1244 3276 selbst
1254 3227 1295 3293 ist,
1305 3227 1355 3277 den
1367 3227 1472 3294 Sehein,
1480 3226 1574 3276 Platon

440 3330 470 3363 ru
489 3315 556 3381 sein,
573 3315 707 3365 erweclren
727 3313 850 3380 wollen,''
868 3329 922 3364 non
945 3323 1023 3378 negat
1042 3313 1125 3362 Hutr.
1146 3313 1186 3364 Cs.
1206 3313 1232 3364 S.
1251 3314 1399 3380 Gaurum,
1418 3315 1509 3364 Abriss
1527 3313 1575 3363 der

440 3400 597 3452 Geschichte
615 3402 661 3452 der
676 3402 849 3452 Mathematilr
858 3401 913 3450 und
923 3400 969 3450 der
979 3400 1274 3450 Naturwissenschasten
1284 3402 1319 3450 im
1330 3403 1459 3452 Altertnm
1468 3401 1572 3468 (Hand-

440 3487 510 3537 buch
529 3487 574 3537 der
592 3486 752 3537 klassischen
773 3486 1127 3552 Altertums·Wissenschaft‚
1141 3487 1354 3552 hersnsgegeben
1369 3503 1421 3537 von
1437 3488 1484 3537 Dr.
1494 3488 1572 3537 IWAN

441 3585 496 3622 vou
516 3573 643 3623 Murum.
661 3574 695 3623 V.
716 3575 785 3640 1B²)
800 3589 861 3638 pag.
876 3583 942 3636 277:
960 3573 1008 3636 ,In
1024 3573 1071 3623 der
1085 3572 1219 3622 vielleicht
1229 3589 1282 3623 von
1291 3574 1430 3640 Philippos
1440 3573 1573 3640 Opuntios

440 3660 804 3727 niedergeschriebenen...,
833 3659 1023 3724 jedenfalls
1057 3661 1137 3710 aber
1171 3676 1228 3710 nur
1255 3661 1478 3726 platonische
1503 3661 1573 3710 Ori-

441 3747 644 3811 ginalideen
672 3747 731 3796 der
757 3752 920 3811 sptteren
948 3747 1021 3796 Zeit
1044 3746 1382 3811 reproduziereuden
1401 3744 1573 3813 „Epinomis”

441 3833 594 3884 erscheinen
609 3833 670 3897 jene
692 3833 886 3898 Andeutungen
905 3832 986 3882 schon
1005 3832 1033 3882 in
1052 3832 1170 3882 ziemlich
1188 3834 1350 3883 bestimmter
1369 3833 1473 3883 Form.”
1490 3835 1572 3883 Accu-

440 3919 519 3969 ratlus
545 3920 596 3970 hoc
624 3921 808 3986 demonstrare,
834 3926 861 3969 et
888 3919 1034 3984 ostendere,
1060 3925 1158 3984 quanta
1184 3920 1253 3970 inter
1276 3922 1360 3985 Leges
1385 3927 1411 3970 et
1430 3919 1572 3986 Epinomin

442 4006 476 4055 sit
494 4006 641 4072 consensio,
659 4007 766 4072 longum
785 4013 834 4072 est,
852 4022 901 4056 nee
918 4006 996 4056 huius
1013 4006 1081 4056 loci:
1101 4021 1187 4071 neque
1209 4007 1384 4058 necessarium
1405 4007 1521 4056 videtur:
1537 4006 1575 4055 ita

441 4091 522 4141 multa
546 4100 607 4142 sunt
631 4109 662 4143 ca
686 4108 753 4158 quae
771 4099 926 4158 congruunt,
946 4099 975 4141 ut
993 4091 1034 4157 iis,
1052 4107 1120 4156 quae
1138 4099 1229 4142 contra
1247 4093 1331 4142 afferri
1350 4099 1461 4158 possunt
1481 4093 1575 4142 discre-

442 4177 531 4243 pantia
548 4177 596 4244 (cf.
613 4179 689 4228 Hom
706 4179 766 4245 1.1.)‚
781 4178 824 4227 vix
840 4177 941 4242 aliquid
957 4176 1123 4226 tribuendum
1138 4177 1270 4246 videntum
1280 4179 1314 4228 ad
1324 4194 1355 4228 ea
1364 4179 1455 4228 saltem
1465 4192 1533 4243 quae
1542 4176 1575 4226 de

442 4267 600 4316 astronomia
619 4266 725 4317 exhibet
740 4267 840 4332 Legum
854 4264 921 4315 liber
931 4265 1057 4330 septimus
1066 4261 1131 4330 (820
1141 4279 1216 4332 sqq.;
1227 4265 1260 4315 cs.
1270 4266 1300 4314 R.
1313 4265 1408 4331 Wottq
1419 4263 1577 4316 Gesehichte

441 4352 488 4401 der
510 4353 677 4403 Astronomie
701 4351 870 4419 [Geschichte
894 4352 941 4401 der
964 4351 1188 4401 wissenschaften
1214 4353 1243 4401 in
1261 4352 1457 4403 Deutschland:
1476 4351 1578 4402 Neuere

441 4439 506 4488 Zeit.
525 4439 600 4506 xvl]
621 4455 680 4505 pag.
700 4451 749 4503 342
769 4455 862 4504 „wenn
881 4439 927 4488 wir
941 4439 1031 4501 sehen,
1045 4438 1094 4488 wie
1112 4438 1186 4487 Plato
1203 4439 1386 4490 imsiebenten
1397 4439 1580 4490 Bucheseiner

442 4531 575 4590 spttesten
595 4525 699 4594 Schrist,
713 4527 804 4576 seinen
821 4523 993 4590 „Gesetzen‘',
1008 4524 1054 4574 aul
1067 4524 1110 4573 die
1122 4525 1290 4576 Astronomie
1299 4541 1330 4575 zu
1342 4526 1469 4592 sprechen
1479 4525 1580 4574 kdmmt

443 4610 483 4660 als
511 4611 557 4661 auf
581 4619 670 4679 etwas,
697 4612 755 4662 das
783 4612 1008 4662 numittelbar
1032 4612 1091 4662 mit
1116 4611 1303 4662 derLehre
1323 4628 1395 4662 vom
1411 4612 1579 4662 hochsten

446 4697 531 4750 Gott
556 4699 868 4768 zusammenhtnge,
892 4699 1010 4750 worttber
1027 4697 1089 4752 aber
1106 4713 1151 4751 rur
1169 4697 1226 4750 Zeit
1246 4699 1314 4754 noch
1332 4715 1398 4768 gnua
1418 4699 1494 4767 irrige
1513 4698 1580 4748 Vor-
