3724 5576
1005 663 1049 733 18

461 857 686 954 sequitur
709 871 758 929 ut
781 856 895 954 quid
920 857 976 930 de
1001 858 1250 954 prioribus
1272 857 1588 956 pbilosophis

461 977 783 1068 iudicaverit,
825 1003 881 1052 ex
922 980 1171 1054 universis
1211 981 1315 1054 eius
1351 981 1589 1078 operibus

461 1099 526 1172 sit
566 1100 973 1197 conquirendum,
1015 1102 1060 1174 id
1098 1104 1226 1200 quod
1263 1103 1478 1178 difficile
1515 1120 1589 1178 est

460 1223 637 1319 partim
675 1222 804 1319 quod
840 1223 898 1296 ad
936 1224 1157 1318 Pcn‘rousu,
1195 1225 1374 1323 partim
1412 1227 1470 1300 ad
1506 1252 1589 1300 eos

461 1345 539 1441 qui
568 1371 670 1419 eum
699 1345 1003 1420 antecedunt
1030 1345 1382 1445 philosophos,
1408 1349 1586 1446 partim

460 1468 518 1541 ad
546 1468 827 1542 universam
856 1469 1216 1566 quaestionem.

513 1723 548 1792 4.
566 1696 615 1772 A.
634 1698 775 1792 Quod
793 1698 852 1772 ad
874 1697 1141 1773 Platonem.
1159 1698 1476 1796 Quandoquidem
1491 1725 1589 1797 quae

459 1821 505 1893 sit
532 1820 574 1893 in
600 1820 772 1916 operibus
795 1818 959 1894 Platonis
983 1820 1031 1894 de
1055 1820 1237 1917 prioribus
1257 1821 1453 1912 sententia,
1468 1822 1589 1920 dispu-

459 1941 614 2015 tandum
639 1957 707 2033 est,
733 1942 888 2040 primo
911 1943 1186 2040 quaeritur,
1214 1969 1338 2041 quae
1361 1944 1460 2018 sint
1483 1945 1588 2018 eius

459 2088 621 2161 opera.
662 2063 716 2138 Ut
752 2090 843 2138 vero
880 2062 1020 2138 nullum
1058 2062 1222 2138 Platonis
1259 2090 1354 2164 opus
1385 2066 1587 2164 deperiisse

458 2186 616 2279 videtur,
627 2183 653 2284 ¹)
691 2188 743 2261 ita
779 2187 872 2261 inter
905 2213 964 2278 ea,
995 2211 1092 2284 quae
1120 2189 1190 2261 sub
1217 2187 1310 2261 illius
1337 2189 1489 2263 nomine
1516 2204 1586 2262 tra·

458 2308 536 2383 dita
573 2325 669 2400 sunt,
708 2309 859 2383 inveniri
896 2334 995 2406 quae
1029 2307 1122 2383 salso
1154 2309 1188 2383 ei
1217 2309 1482 2402 adscribantur,
1512 2336 1586 2384 non

459 2432 580 2506 minus
607 2433 701 2506 inter
728 2458 859 2507 omnes
885 2433 985 2506 viros
1013 2433 1145 2507 doctos
1173 2447 1330 2524 constat,
1356 2458 1522 2507 necnon
1537 2433 1586 2506 ab

459 2554 546 2650 ipsis
574 2555 735 2650 antiquis
762 2555 911 2652 saepius
938 2569 996 2628 est
1023 2554 1264 2651 disputatum.
1297 2554 1398 2628 Nam
1425 2581 1510 2628 cum
1538 2555 1586 2628 de

459 2676 636 2750 industria
668 2674 896 2750 illustrissimi
933 2676 999 2750 viri
1036 2675 1187 2749 nomine
1223 2677 1380 2750 abusum
1413 2703 1496 2751 esse
1524 2674 1586 2750 lal-

459 2799 595 2872 sarium
625 2796 799 2897 aliquem,
836 2798 980 2872 alienae
1007 2797 1150 2896 gloriae
1176 2794 1238 2871 vel
1266 2799 1378 2871 etiam
1407 2799 1586 2896 pecuniae

459 2921 644 3018 cupidum,
682 2947 757 2995 non
792 2921 898 2995 nimis
934 2921 1011 2996 veri
1039 2921 1087 2995 sit
1114 2919 1337 3020 dissimile,⁹)
1365 2937 1445 2994 tum
1473 2922 1584 2996 etiam

459 3181 510 3231 and
529 3181 622 3232 almost
639 3179 670 3230 οἱ
685 3179 728 3229 the
747 3178 931 3245 impossibility
950 3179 982 3229 of
996 3179 1120 3244 studying
1138 3179 1209 3230 them
1229 3180 1257 3228 in
1276 3196 1326 3244 any
1341 3179 1416 3229 other
1429 3194 1485 3243 way
1500 3193 1587 3229 comes

459 3283 530 3318 more
548 3267 683 3332 distinctly
705 3267 762 3317 into
780 3268 978 3317 cousciousness
994 3267 1021 3317 in
1039 3266 1090 3316 this
1106 3283 1214 3333 passage
1230 3267 1292 3317 then
1308 3282 1374 3318 even
1391 3267 1419 3316 iu
1435 3265 1586 3317 Aristotle''.

503 3355 606 3406 Deinde
625 3371 686 3405 vero
702 3355 761 3421 ipsa
783 3369 850 3419 quae
869 3353 912 3403 bic
931 3354 957 3404 iu
977 3353 1100 3418 Sophiste
1118 3354 1248 3420 dicuutur,
1266 3355 1347 3404 abiis
1363 3369 1430 3420 quae
1446 3354 1472 3403 iu
1489 3354 1587 3404 These·

459 3449 512 3493 teto
530 3449 591 3493 sunt
609 3442 754 3508 discrepare
773 3441 846 3490 addit
864 3441 952 3491 Hm'r:
974 3439 1130 3506 „D'silleurs
1149 3457 1181 3492 au
1200 3441 1252 3492 lieu
1270 3440 1380 3490 descire
1396 3441 1472 3506 suite,
1487 3456 1586 3491 comme

458 3545 493 3578 on
525 3528 562 3594 s’y
592 3529 740 3594 attendrsit,
770 3543 820 3577 aux
848 3527 1067 3578 demonstrations
1091 3527 1126 3576 du
1151 3524 1278 3594 Thc‘e'tite,
1303 3527 1366 3578 elles
1387 3543 1420 3578 eu
1446 3527 1587 3577 offriraieut
1622 3523 1624 3528 ’

459 3616 545 3681 plutbt
562 3615 588 3666 la
606 3613 816 3681 contre-partie.”

503 3703 626 3768 Denique
644 3702 728 3767 Ηυιτ,
746 3701 774 3751 id
792 3700 864 3766 quod
881 3701 956 3750 lectis
974 3700 1016 3767 iis,
1035 3715 1101 3765 quae
1120 3699 1233 3766 laudavi,
1251 3701 1303 3750 ism
1318 3717 1372 3751 non
1386 3700 1478 3750 mirum
1487 3701 1587 3751 videbi·

458 3797 507 3855 tur,
526 3789 675 3855 sophistam
694 3787 826 3839 abiudicst
845 3787 983 3837 Pmortt:
1003 3803 1064 3852 pag.
1084 3799 1149 3850 291:
1166 3786 1342 3850 ,Concluston
1357 3787 1511 3852 necessaire,
1526 3787 1541 3836 ὲ
1557 3802 1586 3836 ce

458 3876 523 3942 qu'il
541 3876 653 3927 semble:
673 3875 782 3940 „Platon
800 3872 868 3924 n’est
888 3889 934 3940 pas
953 3873 1062 3923 l'auteur
1081 3873 1116 3922 du
1135 3871 1284 3939 Sophiste.”
1300 3873 1379 3936 Quod
1395 3875 1494 3924 etiamsi
1510 3888 1587 3939 nege·

459 3970 508 4030 tur,
530 3979 579 4013 nec
603 3962 767 4027 concedetur,
790 3960 858 4010 hauc
882 3959 1020 4024 sophistae
1047 3965 1145 4024 partem
1166 3975 1183 4008 a
1200 3959 1316 4009 Plutonis
1334 3960 1522 4010 consuetudine
1541 3960 1586 4011 ali·

458 4057 584 4116 quantum
607 4048 749 4114 discedere,
772 4075 807 4084 -
825 4061 880 4096 nou
898 4062 929 4097 ea
947 4053 1032 4096 tamen
1051 4045 1151 4096 ratione
1170 4045 1214 4095 bic
1229 4047 1344 4111 priorum
1360 4047 1587 4112 philosophemats

457 4142 607 4202 tractantur,
624 4134 657 4185 de
675 4150 727 4200 qua
745 4149 824 4198 supra
841 4132 868 4182 iu
888 4139 969 4199 textu,
988 4133 1033 4198 qui
1052 4132 1154 4198 dicitur,
1172 4147 1256 4182 sermo
1274 4139 1322 4183 est.

504 4219 531 4289 ι)
550 4223 590 4273 cf.
609 4238 669 4288 pag.
690 4221 801 4284 14adn.
821 4233 843 4269 1.

502 4309 531 4377 ε)
545 4309 615 4360 Nota
629 4315 690 4359 suut
700 4322 767 4373 quae
776 4307 809 4356 de
818 4306 866 4356 hac
877 4322 903 4356 re
913 4306 986 4357 affert
996 4307 1127 4357 Gnusrtus
1136 4305 1169 4356 ad
1179 4305 1307 4372 Hippocr.
1317 4307 1350 4358 de
1360 4314 1414 4359 nat.
1424 4308 1494 4358 hom.
1504 4309 1525 4374 1,
1535 4319 1569 4369 ⁴²
1579 4321 1586 4356 ι

456 4392 510 4456 πςδν
532 4394 581 4456 γὰρ
602 4393 661 4452 τεὸς
684 4390 709 4440 δν
726 4387 901 4457 Ἀλεξανδρείᾳ
925 4407 955 4440 τε
971 4389 1015 4440 nat
1031 4388 1157 4452 Περγάμῳ
1174 4389 1289 4452 pericles
1308 4393 1424 4453 βασιλεῖς
1440 4391 1482 4441 διεδ
1500 4389 1588 4448 κτήσει

455 4477 559 4539 βιβλίων
579 4471 797 4540 φιλοτιμηθέντας,
820 4469 915 4522 ubilero
941 4469 1037 4531 ψευδῶς
1060 4469 1238 4534 imi-spem
1261 4471 1432 4536 σύγγραμμα·
1451 4472 1588 4536 λαμβάνειν

456 4555 479 4607 δ’
495 4555 635 4625 δρξιιμδνιιν
657 4555 743 4618 μισθὸν
765 4560 814 4604 τῆν
836 4553 989 4620 κομιζόντων
1007 4553 1093 4612 adroic
1110 4551 1270 4617 σύγγραμμα
1287 4559 1397 4606 named
1413 4572 1478 4614 τινος
1496 4553 1590 4617 ἀνδρός,

456 4643 534 4702 είδτιις
555 4642 600 4702 δίδη
622 4644 707 4693 πολλὰ
729 4638 825 4702 ψευδῶς
848 4637 1027 4704 διιγςύφιντες
1050 4637 1175 4706 διιδμιζον.
1200 4639 1288 4690 Minus
1312 4648 1381 4692 recte
1406 4641 1439 4691 de
1459 4641 1586 4692 hocloco

457 4731 542 4780 dicere
557 4729 658 4780 videtur
667 4729 730 4779 mihi
740 4729 897 4780 Ussuuwso
905 4755 941 4764 -
950 4727 1023 4778 cuius
1032 4727 1126 4777 cleram
1136 4733 1162 4776 et
1172 4741 1289 4791 sagacem
1298 4728 1450 4794 disputandi
1460 4729 1586 4780 rationem
