3698 5574
989 683 1060 773 156

459 873 506 946 de
535 871 676 969 Orphei
706 882 824 949 morte
847 877 896 950 ab
920 876 1001 949 Eas
1024 890 1260 974 exponuntur
1274 918 1325 928 —
1341 899 1364 947 a
1379 871 1588 947 mulieribus

459 1020 544 1068 eum
568 1021 651 1070 esse
673 997 905 1071 interfectum
925 1043 977 1054 -
992 999 1081 1072 satis
1096 997 1323 1072 conveniunt
1337 1021 1421 1070 cum
1435 997 1477 1069 iis
1492 1021 1588 1093 quae

458 1117 506 1190 de
529 1118 600 1192 hac
618 1145 657 1193 re
673 1119 896 1218 Symposion
913 1123 1087 1196 exhibere
1101 1121 1277 1195 vidimus:
1294 1122 1445 1209 ἐποίησαν
1462 1117 1503 1222 [οἱ
1516 1115 1587 1219 θεοῖ]

457 1241 511 1316 τὸν
539 1239 678 1318 θάνατον
707 1240 806 1320 edroi
832 1245 892 1322 ὑπὸ
920 1261 1084 1348 γυναικῶν
1113 1246 1272 1348 γενέσθαι,
1301 1268 1370 1315 nec
1399 1240 1589 1339 avulgari

457 1362 668 1461 discrepant
690 1363 862 1462 labula¹);
888 1393 986 1463 quae
1009 1393 1100 1441 vero
1120 1367 1167 1440 de
1183 1365 1324 1462 Orphei
1335 1371 1588 1462 postmortem

458 1487 535 1558 vita
573 1488 780 1562 narravisse
818 1489 947 1563 dicitur
983 1489 1042 1562 En
1072 1489 1278 1562 Aminnias
1306 1531 1357 1542 --
1386 1512 1425 1560 se
1452 1487 1588 1560 vidisse

458 1609 623 1681 animum
662 1611 724 1706 qui
761 1612 952 1708 quondam
990 1610 1133 1708 Orphei
1171 1610 1299 1685 fuisset
1335 1610 1438 1707 cycni
1475 1609 1589 1683 vitam

458 1730 659 1829 eligentem
681 1777 744 1823 -‚
768 1733 862 1807 haec
884 1734 934 1807 ad
956 1733 1070 1832 ipsius
1095 1734 1284 1806 PLnToms
1308 1732 1396 1805 mihi
1420 1731 1590 1804 videntur

459 1854 666 1928 doctrinam
676 1853 703 1953 2)
727 1852 958 1952 reserenda³)
982 1872 1020 1929 et
1043 1881 1127 1929 cum
1150 1856 1192 1928 iis
1216 1879 1314 1953 quae
1338 1855 1373 1928 in
1390 1854 1590 1928 Phaedone

455 2073 647 2081 -.——.-.-

458 2223 567 2274 alicuius
586 2223 734 2289 animantis,
751 2224 837 2274 verbis
854 2221 923 2282 μίσει
941 2224 987 2270 τοῦ
1004 2221 1145 2284 γυναικείου
1163 2219 1259 2290 γένους,
1277 2239 1322 2273 cur
1337 2239 1392 2273 non
1407 2223 1531 2290 hominis,
1545 2224 1591 2274 sed

459 2311 583 2360 animalis
601 2311 689 2360 canori
709 2311 816 2360 sormam
835 2312 943 2377 elegerit
963 2311 1063 2376 Orphei
1082 2311 1192 2376 animus,
1211 2310 1362 2376 explicetur.
1382 2311 1436 2360 Nee
1454 2317 1540 2360 umen
1557 2311 1592 2360 ita

459 2399 547 2448 omnia
572 2405 631 2447 sunt
650 2399 801 2463 perspicua:
822 2415 881 2448 nam
899 2399 1049 2464 Thamyras,
1068 2413 1147 2463 quem
1166 2398 1287 2447 mulieres
1305 2397 1392 2447 odisse
1410 2413 1462 2447 non
1481 2412 1590 2447 comme·

458 2493 579 2550 moratur,
597 2484 640 2534 hic
661 2500 766 2551 quoque
786 2501 839 2534 non
858 2485 981 2552 hominis,
999 2485 1046 2534 sed
1064 2484 1183 2534 animalis
1201 2485 1281 2534 vitam
1300 2485 1385 2534 sumit.
1402 2485 1442 2534 Cf.
1460 2499 1519 2550 pag.
1533 2481 1591 2550 158,

460 2572 520 2622 adn.
543 2584 565 2620 1.

507 2657 532 2723 1)
551 2658 591 2706 De
610 2659 664 2706 sola
683 2666 765 2707 morte
783 2658 848 2707 haec
867 2657 940 2707 dico:
960 2673 1027 2724 qnae
1045 2657 1078 2707 de
1097 2657 1173 2707 huius
1192 2658 1283 2707 mortis
1300 2674 1379 2706 caasa
1394 2657 1467 2708 addit
1482 2657 1510 2707 in
1520 2657 1591 2722 Sym·

459 2744 534 2809 posio
553 2745 702 2794 Pannoniis
720 2772 756 2782 -
773 2752 881 2794 mortem
901 2745 968 2794 hanc
987 2745 1124 2795 mulierum
1142 2746 1262 2794 manibus
1281 2745 1380 2795 illatam
1398 2760 1510 2810 poenam
1526 2761 1592 2810 esse,

458 2847 474 2880 a
492 2831 543 2880 diis
562 2839 669 2896 propter
688 2831 818 2897 ignaviam
837 2832 944 2897 Orpheo
961 2832 1109 2896 impositam
1125 2861 1168 2898 —,
1181 2831 1592 2898 haecavulgarisabulaprorsus

458 2919 607 2969 abhorrent.
628 2918 668 2968 Cf.
688 2919 753 2968 Huc,
772 2919 822 2969 al.
843 2919 909 2968 Vide
928 2934 1006 2983 supra
1025 2935 1085 2984 pag.
1108 2931 1166 2986 137,
1184 2919 1245 2969 adn.
1267 2932 1289 2969 1.

505 3006 533 3073 2)
552 3007 688 3056 Wmcxsn
707 3021 731 3056 o.
741 3006 760 3056 l.
779 3023 838 3072 pag.
859 3004 892 3055 28
910 3005 944 3056 ad
959 3005 1031 3070 vulgi
1046 3007 1200 3071 opinionem
1215 3007 1279 3056 haec
1295 3005 1429 3056 referenda
1438 3021 1494 3056 esse
1503 3012 1592 3055 censet

460 3094 604 3160 antiquitus
628 3102 771 3160 acceptam,
795 3094 930 3143 hominum
954 3093 1052 3142 animas
1072 3094 1186 3158 speciem
1204 3094 1300 3144 habere
1319 3093 1416 3160 avium,
1434 3108 1592 3159 quamquam

460 3182 492 3232 de
516 3179 735 3245 Pythagoreorum
754 3180 879 3230 doctrinis
898 3179 939 3229 his
959 3195 1065 3245 quoque
1083 3180 1252 3243 cogitandum
1271 3196 1328 3230 esse
1346 3180 1481 3230 concedit:
1503 3180 1591 3244 „Dazu

458 3268 580 3317 kommen
608 3275 749 3317 verstreute
777 3266 984 3332 Bemerkuugen,
1014 3268 1061 3316 wie
1091 3267 1291 3332 Aristophanes,
1320 3268 1390 3316 Aves
1418 3267 1494 3333 1564,
1518 3267 1592 3316 Plato

461 3354 575 3420 Republ.
600 3353 652 3404 620
663 3355 695 3420 A,
720 3370 760 3404 wo
785 3354 841 3404 sich
865 3354 907 3404 die
933 3353 1007 3403 Seele
1033 3353 1079 3403 des
1104 3352 1226 3418 Orpheus
1250 3354 1327 3403 einen
1347 3353 1466 3419 schyren,
1484 3353 1526 3403 die
1545 3353 1591 3403 des

459 3441 595 3506 Thamyris
614 3441 673 3491 eine
691 3440 841 3506 Nachtigall
859 3456 902 3489 zur
920 3440 1039 3489 ierneren
1058 3439 1213 3504 Behausung
1232 3440 1311 3490 wahlt
1326 3468 1362 3477 —
1377 3440 1590 3505 heilichspielen

459 3528 516 3578 hier
539 3527 754 3593 pythagoreische
779 3527 1166 3592 Seelenwanderungstheoriea
1190 3526 1237 3576 mit
1255 3527 1355 3592 hemia,
1374 3527 1416 3577 die
1434 3528 1497 3577 aber
1515 3526 1594 3576 ihrer·

459 3615 521 3664 seits
540 3614 635 3663 wieder
654 3614 846 3678 theriomorphe
865 3613 1155 3678 Seelenvorstellungen
1175 3629 1218 3662 zur
1234 3614 1445 3678 Voraussetzung
1461 3613 1592 3662 hahen—

459 3702 522 3751 oder
541 3700 649 3751 Anthol.
668 3701 749 3750 Palat.
768 3701 830 3766 VII,
849 3699 892 3766 62,
911 3715 951 3749 wo
970 3701 1016 3750 der
1035 3700 1118 3749 Adler
1135 3700 1181 3749 aui
1196 3701 1256 3750 dem
1276 3701 1362 3750 Grabe
1381 3701 1468 3750 Platos
1487 3699 1591 3750 erklart:

457 3786 551 3847 Ψυχῆς
583 3783 634 3845 εἰμι
669 3783 803 3842 Πλάτωνος
833 3783 1014 3845 ἀποπταμένης
1042 3779 1068 3841 ἧς
1094 3783 1228 3845 Ὄλυμπον
1251 3782 1386 3834 ὕψι...
1408 3787 1452 3837 die
1470 3786 1520 3836 alle
1539 3787 1591 3836 deu

460 3874 581 3926 Glauhen
605 3891 639 3924 an
658 3873 700 3924 die
719 3874 898 3940 Vogelgestalt
917 3874 963 3924 der
981 3873 1196 3924 Menschenseele
1215 3874 1333 3924 deutlich
1351 3890 1437 3940 genng
1456 3873 1591 3924 erhenneu

458 3960 571 4011 lasseu.”

504 4048 583 4098 Haud
607 4049 661 4098 scio
688 4056 782 4114 tamen,
806 4064 839 4098 an
865 4047 981 4113 sagacius
1000 4063 1078 4112 quam
1097 4048 1182 4097 verius
1200 4047 1264 4097 haec
1283 4047 1335 4098 sint
1354 4048 1440 4098 dicta:
1459 4064 1518 4098 nam
1538 4063 1591 4097 non

461 4134 545 4184 solum
563 4136 629 4200 ipsis
647 4135 699 4184 loci
717 4135 802 4185 verbis
818 4135 855 4184 sic
871 4135 932 4184 satis
949 4134 1112 4198 explicantur
1129 4134 1230 4200 Orphei
1246 4141 1272 4183 et
1282 4135 1427 4200 Thamyrae
1438 4136 1593 4202 electiones3

461 4221 507 4270 sed
526 4221 603 4271 etiam
622 4223 724 4272 obstare
743 4222 807 4271 mihi
823 4221 924 4271 videtur
939 4221 1086 4270 Wurcxsai
1096 4221 1274 4286 explicationi,
1285 4222 1357 4286 quod
1365 4222 1478 4270 aliorum
1488 4236 1594 4286 quoque

458 4307 609 4357 animalium
633 4307 726 4374 figuras
745 4307 852 4357 induere
872 4307 993 4356 dicuutur
1010 4307 1126 4356 animae:
1146 4307 1214 4356 Aiax
1233 4306 1327 4372 leonis,
1347 4307 1482 4358 Thersites
1497 4309 1595 4357 simiae.

460 4394 487 4444 Si
512 4410 573 4443 vero
597 4394 756 4460 respondeat
780 4395 926 4459 Wmcxau,
951 4409 1004 4442 uon
1030 4393 1061 4442 de
1080 4394 1172 4443 avibus
1192 4393 1263 4458 solis,
1282 4394 1329 4443 sed
1346 4394 1379 4443 de
1397 4395 1553 4445 animalibus
1569 4395 1596 4443 in

460 4481 608 4530 universum
632 4480 802 4547 cogitandum
825 4496 880 4530 esse
908 4479 1131 4546 [„tlteriom0rphe
1157 4480 1486 4548 Seelenvorstellungen’'],
1510 4481 1597 4531 obicio

462 4581 509 4616 nec
528 4567 561 4617 de
581 4569 738 4617 animalibus
755 4569 817 4617 solis
833 4568 889 4632 agi:
907 4567 1043 4617 Atalantes
1060 4568 1160 4616 animus
1176 4568 1204 4616 in
1215 4567 1328 4618 athletae
1339 4569 1387 4618 viri
1397 4569 1461 4618 abiit
1472 4577 1598 4634 naturam,

459 4653 486 4702 in
505 4654 658 4704 artificiosae
680 4655 796 4704 mulieris
817 4654 884 4719 Epei
903 4655 1027 4718 Panopei.

503 4739 530 4806 3)
550 4742 645 4805 Utique
665 4741 729 4807 quid
748 4742 776 4790 iu
796 4742 836 4790 his
858 4741 891 4790 sit
911 4749 1089 4806 quantumque
1104 4739 1177 4804 quod
1194 4755 1240 4804 pro
1256 4757 1317 4791 vero
1333 4742 1481 4806 probaverit
1493 4742 1594 4806 Panse,
