3698 5574
998 603 1070 690 146

463 794 569 868 Nam
592 803 791 892 poetarum
809 795 1026 890 principem
1051 795 1207 870 deorum
1231 793 1362 868 laudes
1375 808 1486 868 cantu
1502 791 1592 867 cele-

462 916 592 991 brasse
618 917 776 990 sortasse
799 917 879 1016 jam
906 932 985 990 tum
1014 918 1194 992 creditum
1223 933 1291 1008 est,
1316 942 1431 1014 quum
1455 939 1591 990 nomen

463 1038 542 1138 ejus
570 1039 605 1111 in
640 1037 799 1112 Graecia
828 1036 1131 1132 inclaresceret;”
1160 1040 1309 1113 Sirenes
1336 1053 1475 1129 autem,
1500 1062 1593 1134 quas

461 1159 622 1258 exempli
656 1185 768 1234 causa
802 1159 911 1234 affert
940 1160 1164 1253 LonucKwS,
1194 1161 1358 1234 carmina
1386 1185 1520 1234 canere
1542 1158 1591 1232 ab

462 1281 543 1379 ipso
566 1282 744 1355 Pannona
758 1282 938 1356 dicuntur.
963 1282 1064 1378 Quid
1079 1285 1337 1358 demonstrare
1353 1298 1507 1356 conetur
1521 1281 1590 1354 Lo·

462 1427 627 1498 issemus
664 1405 745 1502 ipse
782 1404 905 1479 addit:
941 1404 1040 1499 ,Sed
1067 1406 1236 1481 homines
1263 1405 1430 1480 literatos
1457 1403 1590 1502 legisse

462 1525 602 1624 aliquid
629 1528 676 1600 de
700 1528 772 1600 hoc
793 1552 934 1625 genere
955 1528 1160 1602 carminum
1184 1527 1285 1604 nullo
1300 1527 1432 1601 indicio
1446 1524 1589 1625 patet.”

465 1649 572 1724 Haec
600 1665 725 1724 autem
754 1649 857 1746 quod
884 1649 933 1723 ad
963 1650 1172 1724 Puni-omn
1197 1695 1248 1705 —
1273 1650 1320 1724 de
1344 1675 1420 1747 quo
1444 1673 1520 1722 uno
1534 1649 1591 1722 hic

462 1773 659 1846 dicendum
696 1788 753 1846 est
791 1817 842 1828 -
880 1789 981 1846 recta
1009 1773 1096 1846 mihi
1126 1772 1309 1864 videntur,
1340 1797 1409 1846 nec
1436 1773 1485 1846 ab
1512 1773 1593 1869 ipso

463 1894 633 1968 Wssnno
677 1910 878 1994 negantur:
928 1893 1012 1988 ,Ob
1052 1896 1153 1969 diese
1195 1895 1378 1970 Gedichte
1414 1895 1559 1968 schris
1562 1911 1590 1968 t·

460 2015 549 2090 lich
587 2017 869 2114 ausgezeichnet
901 2041 1036 2107 waren,
1067 2018 1116 2090 ob
1146 2015 1276 2091 Platon
1306 2017 1358 2090 sie
1386 2015 1591 2115 gelesen

461 2141 577 2230 hatte,
608 2138 697 2214 lasst
725 2164 791 2213 aus
820 2139 886 2213 der
914 2139 1107 2214 einlachen
1131 2139 1372 2238 Erw'ahnung
1392 2139 1469 2212 sich
1494 2139 1594 2211 nicht

460 2261 739 2336 entscheiden.”
780 2261 912 2358 Itaque
950 2261 1011 2334 vix
1048 2261 1239 2360 intelleg0,
1277 2261 1366 2359 quid
1403 2261 1471 2333 sibi
1503 2259 1593 2334 velit

461 2383 619 2476 Wnusn,
649 2385 743 2457 haec
771 2383 944 2457 adiciens.

514 2507 660 2581 Deinde
682 2531 776 2580 vero
796 2529 864 2578 nec
886 2505 967 2602 ipsa
983 2504 1144 2578 Wnnnm
1166 2521 1389 2603 argumenta
1404 2505 1491 2578 mihi
1506 2519 1593 2578 sunt

461 2631 668 2729 perspicua.
695 2627 841 2702 Scilicet
863 2628 912 2700 de
935 2625 1016 2700 solo
1039 2637 1162 2719 cantu,
1188 2628 1240 2701 ita
1253 2645 1295 2703 ut
1308 2628 1426 2702 verba
1440 2627 1592 2700 omnino

461 2754 595 2844 absint,
625 2776 699 2824 non
727 2751 802 2848 agi,
832 2749 869 2822 id
897 2774 1027 2823 verum
1051 2751 1201 2847 quidem
1225 2766 1304 2844 est3
1329 2751 1396 2825 sed
1417 2749 1591 2847 equidem

459 2877 602 2967 dubito,
633 2898 680 2948 an
710 2889 787 2947 tam
816 2872 963 2970 ineptus
990 2873 1037 2946 sit
1065 2873 1159 2971 quis,
1184 2873 1247 2970 qui
1271 2875 1342 2947 hoc
1366 2870 1592 2946 contendere

460 3000 608 3074 audeat.
641 2998 716 3093 Qui
744 2996 855 3086 canit,
883 3021 1033 3070 carmen
1057 3012 1168 3070 canat
1192 3021 1344 3070 necesse
1368 3011 1445 3088 est,
1470 2995 1591 3092 ipsum

460 3147 545 3196 eum
569 3147 652 3196 esse
675 3120 846 3194 carminis
869 3120 971 3216 quod
994 3119 1094 3192 canit
1116 3134 1383 3208 auctorem,
1408 3117 1444 3190 h.
1457 3143 1490 3192 e.
1506 3141 1589 3190 can·

459 3263 579 3320 torem
608 3243 768 3319 eundem
797 3266 879 3314 esse
907 3251 1072 3339 poetam,
1102 3241 1139 3313 id
1161 3241 1311 3339 quidem
1335 3265 1489 3314 necesse
1514 3263 1588 3312 non

459 3385 528 3460 est,
568 3367 736 3440 Graecos
772 3389 864 3438 vero
901 3365 1104 3438 secundum
1142 3389 1188 3437 ea
1226 3389 1324 3461 quae
1360 3364 1408 3436 de
1446 3361 1589 3460 Orphei

459 3491 689 3588 temporibus
730 3487 920 3578 sentirent,
958 3487 1133 3560 cecinisse
1168 3511 1253 3561 eum
1292 3485 1457 3560 carmina
1493 3509 1591 3582 quae

459 3615 538 3712 ipse
566 3613 723 3702 lecisset,
753 3610 952 3683 arbitratos
979 3634 1074 3699 esse,
1103 3634 1178 3682 non
1206 3608 1311 3683 facile
1340 3609 1548 3707 negabitur.

513 3735 578 3809 Ad
606 3748 820 3808 contextum
849 3746 1001 3804 revocat
1031 3730 1196 3805 Wnnun:
1224 3731 1292 3805 sed
1320 3733 1399 3828 ipse
1423 3731 1481 3804 hic
1504 3754 1589 3803 con·

457 3875 581 3933 textus
609 3856 697 3930 mihi
723 3853 872 3928 videtur
894 3855 1057 3945 obstare,
1083 3855 1281 3951 quominus
1295 3878 1496 3952 sequamur
1510 3853 1588 3926 eius

458 3981 693 4056 sententiam.

512 4103 612 4178 Libri
648 4099 771 4176 octavi
808 4099 954 4196 Legum
992 4099 1093 4172 initio
1131 4097 1179 4172 de
1215 4098 1395 4197 religione
1428 4098 1590 4172 dicturus

459 4226 586 4300 PLnTo
614 4224 772 4323 primum
797 4219 845 4293 de
869 4219 1053 4294 sacrificiis
1076 4220 1282 4318 diebusque
1305 4221 1408 4295 sestis
1432 4219 1586 4294 disserit.

459 4349 590 4446 Atque
627 4343 806 4420 sacrificia
842 4342 1005 4439 quidem,
1043 4343 1172 4439 inquit,
1206 4358 1326 4417 totum
1356 4368 1421 4441 per
1450 4367 1587 4416 annum

458 4471 623 4571 singulos
644 4467 884 4566 magistratus
898 4490 965 4562 pro
981 4465 1139 4538 civitatis
1153 4462 1273 4540 salute
1288 4467 1410 4540 facere
1426 4481 1587 4562 oportet,

458 4594 537 4668 dies
573 4619 663 4667 vero
700 4589 782 4664 festi
821 4612 865 4660 ac
893 4586 1078 4662 sollennes
1106 4589 1308 4662 secundum
1337 4590 1498 4662 tribuum
1527 4613 1589 4659 nu-
