3724 5576
815 679 865 747 49

275 848 335 952 μὲν
370 835 426 928 οὖν
463 849 545 952 τότε,
582 844 636 928 οἵτε
673 847 732 928 οὐκ
768 837 837 929 οὖσι
871 861 978 954 σοφοῖς
1012 849 1113 954 ὥσπερ
1148 851 1237 954 ὑμεῖς
1271 856 1301 929 οἱ
1328 851 1404 955 νέοι,

277 971 406 1078 οἷπέχρη
442 973 539 1077 δρυὸς
576 981 632 1051 καὶ
663 973 781 1077 πέτρας
808 969 937 1052 οῖκοθειν
965 970 1177 1066 θπέθηθείας,
1206 979 1242 1050 ei
1267 975 1404 1076 μόνον

278 1093 420 1184 οῖληθῆ
455 1097 649 1198 λέγοιεν·
687 1103 736 1174 σοὶ
770 1093 881 1188 δ’ἴσως
913 1097 1051 1201 διαφέρει
1083 1103 1129 1188 τίς
1163 1103 1181 1172 o‘
1212 1096 1315 1200 λέγων
1348 1100 1404 1176 καὶ

277 1217 435 1309 ποδαπός.
475 1215 512 1296 οὐ
553 1213 617 1324 γὰρ
657 1221 756 1296 ἐκεῖνο
796 1219 897 1322 μόνον
938 1229 1077 1311 σκοπεῖς,
1119 1228 1176 1297 εἴτε
1213 1215 1312 1312 οὕτως
1348 1229 1406 1298 εἴτε

278 1334 388 1432 ἄλλως
414 1337 534 1444 ἕχειςι)

332 1474 414 1540 ΦΑΙ.
443 1459 562 1566 Ὀρθῶς
590 1464 770 1558 ἐπέπληξας
798 1461 935 1563 κ.τ.λ.”)

333 1585 391 1658 Ex
418 1586 590 1660 omnibus
617 1586 672 1660 his
696 1587 800 1661 facile
821 1588 1049 1688 perspicitur,
1064 1589 1183 1687 ipsum
1200 1589 1419 1682 Ριλτολῐλῑπ1

279 1708 315 1780 in
340 1707 514 1804 operibus
537 1708 610 1782 suis
633 1708 853 1808 significare,
878 1710 1034 1784 aliorum
1057 1713 1324 1786 sententiarum
1349 1737 1407 1784 co·

281 1830 449 1928 gnitione
485 1857 580 1929 opus
607 1857 700 1923 esse,
730 1849 768 1907 et
795 1834 833 1906 id
861 1835 1010 1932 quidem
1038 1851 1084 1908 ut
1111 1860 1264 1909 verum
1292 1835 1409 1907 inve-

280 1953 488 2052 stigetur.
516 1952 647 2053 Itaque
670 1957 782 2030 etiam
798 1955 1056 2055 philosophiae
1071 1957 1138 2031 rite
1151 1956 1332 2032 colendae
1347 1944 1408 2030 ness

280 2076 438 2150 cessaria
465 2092 522 2149 est
548 2075 611 2150 illa
638 2079 813 2176 cognitio
846 2078 945 2152 Nam
973 2105 1056 2153 cum
1085 2105 1174 2153 vere
1197 2077 1409 2177 philosophi

281 2199 354 2272 sint
380 2198 415 2290 ii,
445 2198 506 2295 qui
530 2199 695 2273 veritatis
719 2201 945 2296 spectandae
969 2217 1054 2274 sunt
1068 2201 1201 2298 cupidi,
1213 2197 1240 2299 3)
1256 2201 1304 2274 ad
1319 2200 1410 2274 veri-

281 2336 397 2394 tatem
412 2347 503 2395 vero
518 2322 706 2396 sciendam
720 2321 876 2396 aliorum
891 2323 1082 2396 doctrinae
1093 2323 1308 2421 cognitione
1318 2349 1412 2421 opus

281 2444 338 2534 sit,
362 2444 572 2518 necessario
595 2445 759 2542 sequitur
780 2462 820 2519 ut
834 2471 923 2520 vere
937 2443 1181 2543 philosophus
1196 2471 1322 2520 carere
1337 2471 1411 2518 non

282 2568 398 2665 possit
426 2566 581 2642 aliorum
610 2569 794 2642 doctrinis.

339 2838 372 2886 2.
402 2813 535 2908 Quod
574 2813 627 2888 ad
662 2813 932 2911 disputandi
961 2814 1079 2887 viam
1108 2830 1249 2912 atque
1279 2815 1412 2888 ratio-

286 2959 401 3027 nern,
438 2961 554 3033 quae
590 2937 631 3009 in
667 2936 978 3011 diiudicandis
1013 2934 1206 3010 aliorum
1238 2953 1413 3010 senten-

287 3057 365 3130 tiis
392 3058 451 3131 sit
479 3058 735 3156 sequenda,
779 3059 959 3157 optimum
991 3059 1174 3133 invenitur
1202 3057 1413 3156 exemplum

288 3179 477 3256 Phaedon.
491 3205 537 3276 95
556 3181 592 3254 D
604 3180 636 3252 E
650 3207 747 3278 sqq,
757 3179 784 3279 ⁴)
800 3207 875 3278 quo
886 3180 969 3254 loco
980 3181 1183 3272 Socnn‘rES,
1195 3182 1415 3255 refutaturus

290 3301 440 3376 Cebetis
476 3303 524 3378 de
561 3304 684 3377 anima
718 3329 856 3400 pravas
883 3304 1087 3400 opiniones,
1117 3304 1237 3401 primo
1264 3302 1416 3376 definite

288 3426 525 3500 statuendum
560 3451 642 3500 esse
677 3443 816 3518 censet,
852 3452 1037 3525 quaenam
1073 3427 1145 3499 sint
1174 3423 1315 3522 illae;⁶)
1344 3425 1415 3498 hoc

290 3595 446 3604 ..ων-...-
457 3595 480 3603 ..-

334 3686 360 3754 r)
379 3687 506 3737 Srnttn:
525 3687 591 3752 θχιι.

333 3774 491 3841 2)STA1,1.8.
519 3774 553 3824 ad
579 3775 678 3824 locum:
707 3774 830 3839 „Leniter
856 3774 1000 3824 Phaedrum
1023 3775 1150 3840 increpat,
1177 3775 1249 3840 quod
1276 3775 1416 3825 narrationi

288 3863 411 3913 hactenus
438 3863 571 3928 expositae
599 3863 658 3912 ideo
686 3862 753 3912 nihil
781 3863 886 3929 tribuat,
911 3863 973 3927 quia
997 3879 1027 3913 ea
1052 3879 1083 3912 ex
1106 3864 1228 3928 Aegypto
1246 3864 1356 3928 repetita
1375 3862 1416 3912 sit.

290 3950 368 3999 Prisci
385 3949 426 3999 illi
444 3949 546 4015 Graeci,
564 3950 660 4015 inquit,
678 3949 720 3999 vel
740 3965 850 4015 quercus
867 3957 893 3998 et
909 3964 986 4015 rupes
1003 3949 1146 3999 audiendas
1162 3957 1294 4016 putarunt,
1309 3951 1330 3999 si
1341 3949 1417 3998 modo

289 4051 349 4086 vera
373 4035 526 4103 proderent3
551 4044 579 4085 tu
604 4036 714 4101 curabis,
737 4051 789 4101 qua
811 4036 917 4085 natione
935 4034 977 4085 vel
996 4042 1073 4100 gente
1093 4036 1127 4085 sit
1145 4036 1269 4086 oriundus
1289 4037 1334 4100 qui
1354 4035 1418 4100 quid

287 4122 391 4188 dixerit,
409 4139 458 4172 nec
475 4123 542 4172 illud
561 4123 649 4188 potius
668 4121 824 4186 perpendes,
843 4137 903 4171 vere
921 4137 955 4170 an
974 4137 1048 4172 secus
1066 4121 1111 4172 ille
1130 4122 1315 4173 iudicaverit?”

334 4210 363 4278 3)
381 4209 421 4259 Cs.
441 4208 555 4274 Republ,
574 4209 606 4258 V.
624 4219 675 4272 475
687 4209 724 4257 E:
742 4210 805 4268 Τοθς
822 4207 850 4258 dd
872 4208 1000 4268 ἀληθινούς
1019 4211 1202 4276 [praenosce]
1219 4208 1275 4273 θφη,
1293 4212 1363 4268 πίνοις
1381 4209 1420 4258 λε’-

287 4311 356 4358 γοις;
373 4295 435 4352 Τοὺς
452 4295 499 4351 τθς
515 4291 638 4350 ἀληθείας,
655 4289 682 4350 ἦν
700 4290 784 4355 θ’ἐγθ,
802 4291 989 4354 φιλοθεάμονος.

334 4381 453 4445 Sympos.
474 4391 525 4428 212
538 4379 572 4428 A:
591 4379 606 4438 ii
623 4377 667 4428 οθκ
684 4378 787 4440 ἐνθυμεῖ,
805 4377 861 4441 idn.
881 4378 920 4428 θτο
940 4374 1046 4428 ἐνταῦθα
1063 4378 1130 4443 αὐτῷ
1148 4381 1262 4440 μοναχοθ
1278 4377 1420 4440 γενήσεται,

289 4463 372 4525 θρῆνοι
390 4458 408 4526 ᾧ
426 4462 513 4524 ipat-dv
529 4462 560 4510 σθ
577 4464 661 4518 καλόν,
678 4462 773 4510 τίκτειν
791 4459 834 4510 οθκ
852 4459 944 4510 ἄδολοι
960 4461 1057 4522 ἀρετῆς,
1073 4461 1121 4510 θοι
1139 4459 1182 4510 οὐκ
1197 4457 1298 4510 ιῖθθλοο
1314 4456 1423 4523 ἔφαπτο-

290 4546 361 4610 μένςο,
380 4545 440 4596 ἀλλ’
458 4543 545 4602 ἀληθῆ,
564 4543 622 4593 dn
639 4545 695 4592 ποθ
714 4543 852 4601 ἀληθοῦς
871 4540 1101 4606 ἐφαπτομένῳ·
1121 4554 1196 4594 errat.

335 4632 364 4701 4)
383 4631 422 4683 Cf.
442 4637 574 4696 praeterea
592 4643 623 4692 91
637 4629 667 4678 C.

338 4723 365 4787 5)
383 4719 462 4783 9513:
484 4719 542 4770 'dore
565 4718 592 4769 δὶ
615 4717 645 4775 δὴ
662 4720 692 4768 τὸ
712 4717 847 4781 κεφάλαιον
865 4713 896 4767 ὦν
914 4717 1066 4784 ζηποῖς....
1085 4717 1124 4765 D:
1142 4721 1241 4766 τοιαῦτ’
1259 4716 1328 4767 dicta
1346 4715 1424 4777 ῖσσῖν,

1287 4832 1305 4881 4
