3654 5564
975 671 1047 738 114

441 863 539 937 quac
574 842 625 916 ad
650 842 756 942 leges
784 843 955 918 serendas
981 845 1214 942 pertinentia,
1243 845 1278 917 in
1309 843 1490 942 Aegypto
1519 845 1570 917 in·

441 1091 507 1140 quae
532 1076 564 1127 de
590 1079 712 1144 Aegypto
730 1077 814 1128 tradat
832 1079 933 1144 Paeto,
950 1077 1017 1128 nihil
1035 1093 1091 1128 esse
1109 1083 1217 1128 censent
1235 1076 1306 1143 quod
1323 1077 1356 1126 ad
1374 1077 1569 1142 philosophiam

439 1163 569 1226 pertineat
593 1163 700 1231 (Hsatt.
725 1165 778 1214 o.l.
800 1181 858 1230 pag.
880 1164 927 1229 56:
948 1165 1010 1229 ,Bei
1030 1162 1263 1230 philosophischeu
1282 1163 1385 1213 Lehren
1404 1163 1510 1213 endlich
1530 1179 1573 1229 ge·

439 1247 522 1299 (leuitt
546 1266 573 1300 er
597 1252 750 1316 Aegypteus
774 1250 845 1302 nie.”
870 1252 978 1300 Ztttttttt
1003 1267 1027 1300 o.
1037 1250 1087 1301 1.1
1110 1250 1134 1300 1⁸
1153 1266 1213 1316 pag.
1233 1261 1280 1312 27:
1301 1249 1447 1314 ,Wirklich
1465 1248 1526 1300 sind
1544 1265 1573 1299 es

438 1336 503 1385 auch
530 1352 580 1387 nur
607 1337 757 1388 technischc
785 1337 963 1403 Fertiglteiten
990 1337 1044 1387 und
1071 1337 1206 1386 staatliche
1234 1335 1451 1402 Einrichtungen,
1478 1336 1573 1385 nicht

438 1421 1034 1489 philosophischeEutdeckungen,
1053 1424 1095 1474 die
1114 1439 1190 1473 eran
1207 1422 1410 1472 verschiedenen
1427 1421 1572 1472 Orteuvon

439 1508 519 1558 ihnen
537 1526 567 1560 zu
585 1510 695 1560 rithmen
713 1509 806 1561 πάνθ’
826 1527 852 1577 q.
863 1512 905 1578 s.);
924 1511 978 1561 iure
997 1511 1035 1577 hi,
1053 1511 1157 1577 opinor,
1175 1511 1197 1560 si
1216 1525 1269 1559 eam
1287 1511 1316 1559 in
1326 1509 1367 1558 his
1377 1508 1571 1574 philosophiam

438 1594 646 1663 interpretemur,
659 1612 738 1662 quam
753 1613 801 1647 nos
816 1598 887 1648 hisce
904 1598 1079 1662 temporibus:
1096 1597 1136 1647 sin
1151 1597 1247 1662 miuus,
1261 1595 1331 1645 haud
1343 1596 1397 1645 scio
1406 1611 1440 1644 an
1449 1595 1572 1645 audacius

437 1680 503 1731 haec
530 1683 562 1732 ab
590 1691 700 1749 utroque
728 1683 798 1733 dicta
821 1684 882 1734 sint.
907 1684 1021 1749 Scilicet,
1044 1683 1214 1734 consideratis
1238 1697 1305 1748 quae
1330 1682 1363 1732 de
1388 1681 1572 1748 philosophiae

437 1768 545 1818 notione
569 1785 647 1834 aupre
670 1769 789 1835 dissenti,
811 1769 977 1836 perspicuum
996 1771 1047 1819 iam
1066 1770 1124 1836 erit,
1142 1768 1337 1834 philosophiam
1355 1769 1376 1818 si
1396 1783 1453 1818 eam
1472 1775 1572 1818 tantum

436 1853 517 1920 dicas,
541 1870 620 1920 quam
645 1871 702 1921 nos,
725 1856 814 1906 multis
833 1856 1051 1921 philosophorum
1070 1871 1166 1906 nomen
1184 1855 1351 1906 adimendum
1369 1871 1434 1921 esse,
1455 1869 1522 1920 quos
1543 1855 1571 1905 iu

436 1941 602 2006 antiquorum
627 1943 843 2008 philosophorum
867 1959 974 1994 numero
999 1958 1076 1993 nemo
1093 1959 1147 1992 non
1167 1941 1273 2008 reseret,
1293 1943 1333 1992 sin
1354 1957 1414 1992 vero
1433 1942 1491 1992 voci
1509 1942 1570 1992 huic

436 2041 466 2076 es
488 2027 610 2078 tribuitur
628 2029 676 2094 vis,
695 2045 747 2095 qua
764 2029 836 2094 apud
856 2030 979 2096 antiquos
998 2044 1046 2079 nec
1065 2044 1118 2078 non
1137 2029 1208 2094 apud
1223 2029 1375 2078 Ptutrom
1390 2037 1429 2078 est
1445 2027 1571 2093 preedita,

435 2113 516 2163 multa
535 2115 665 2180 pertinere
684 2117 717 2168 ad
736 2131 802 2183 eam,
820 2132 887 2182 quse
905 2132 954 2166 nos
968 2116 1047 2166 hodie
1066 2115 1260 2181 philosophiam
1278 2131 1332 2164 non
1348 2115 1480 2164 ducamus.
1496 2115 1569 2164 Haec

436 2199 458 2255 si
486 2202 609 2251 memoria
633 2209 763 2268 tenentur,
787 2219 840 2252 uon
865 2202 941 2252 facile
964 2210 1082 2268 negatur,
1106 2202 1134 2251 in
1160 2202 1192 2251 iis
1217 2216 1284 2266 quae
1302 2200 1336 2250 de
1356 2202 1478 2266 Aegypto
1496 2200 1568 2266 apud

436 2286 587 2337 Ptuttoumt
603 2288 735 2356 leguntur,
749 2289 862 2338 inveniri
879 2289 1015 2354 quaedam,
1030 2303 1098 2354 quae
1111 2287 1143 2336 ad
1154 2287 1356 2354 philosophiam,
1370 2303 1448 2352 quam
1457 2287 1479 2336 is
1489 2287 1567 2337 iuter-

434 2381 558 2440 pretatur,
583 2376 700 2440 proxime
719 2377 853 2426 accedant.
872 2376 986 2442 Scilicet,
1004 2383 1032 2426 ut
1051 2375 1199 2440 exemplum
1217 2375 1334 2424 afferam:
1355 2373 1463 2424 Phaedr.
1483 2374 1567 2435 274C

433 2475 493 2525 sqq.
518 2460 568 2510 deo
594 2463 758 2528 Aegyptiace
782 2463 887 2513 Theuth
906 2463 1024 2512 inventio
1043 2462 1164 2511 tribuitur
1181 2461 1291 2528 numeri,
1309 2460 1478 2526 computandi
1497 2461 1568 2528 artis,

434 2546 600 2613 geometriae,
617 2549 800 2612 astronomiae,
818 2548 942 2598 aliorum:
960 2548 1050 2595 τοῦτον
1064 2545 1116 2607 (τὸν
1132 2543 1204 2606 erit)
1219 2542 1247 2593 tt
1259 2548 1355 2603 epam
1369 2542 1468 2604 ἀριθμόν
1482 2559 1513 2592 τε
1527 2541 1570 2593 νοῒ

431 2629 554 2690 marrata
571 2627 647 2691 εὑρεῖν
663 2629 705 2679 aei
718 2631 873 2694 γεωμετρίαν
887 2630 930 2680 καὶ
944 2629 1109 2694 &repostulat
1123 2641 1198 2681 νι.τ.Α.
1214 2632 1411 2682 Mathematicas
1421 2647 1482 2682 vero
1491 2639 1568 2698 artes,

432 2716 455 2765 si
479 2718 564 2768 miuus
582 2719 665 2784 ipsius
684 2719 868 2786 philosophiae
886 2736 946 2785 pars
964 2721 1026 2787 sint,
1044 2729 1070 2770 at
1087 2721 1178 2770 saltem
1194 2735 1252 2769 cum
1269 2719 1438 2785 philosophia
1452 2735 1485 2768 ex
1500 2719 1567 2769 Pta-

431 2814 511 2853 Tottts
528 2806 660 2856 sententia
677 2807 803 2857 artissime
822 2808 975 2857 coniunctas
994 2823 1059 2872 esse,
1078 2807 1155 2856 variis
1170 2807 1235 2856 locis
1251 2815 1368 2872 apparet.
1384 2806 1426 2856 Cf.
1441 2806 1567 2872 cruror,

432 2890 614 2958 Vorlesuugen
633 2893 698 2943 ttber
716 2893 874 2944 Geschichte
893 2894 939 2945 der
954 2893 1134 2944 Mathematik.
1151 2893 1238 2943 Erster
1254 2893 1355 2943 Baud.¹
1367 2893 1416 2942 111.
1427 2892 1565 2942 Griechen.

435 2990 474 3028 ro.
501 2979 617 3044 Kapitel.
642 2980 749 3046 Platon,
775 2988 802 3031 et
825 2981 953 3047 imprimis
978 2981 1011 3032 G.
1036 2981 1155 3046 Ronttttt,
1180 2981 1231 3030 Les
1253 2980 1472 3044 Mathematiques
1491 2985 1517 3028 et
1540 2979 1566 3028 la

430 3065 598 3132 Dialectique
623 3068 687 3118 dans
710 3069 735 3118 le
759 3067 871 3133 systimc
895 3068 928 3118 de
952 3069 1053 3118 Platon.
1074 3067 1179 3118 Archiv.
1199 3067 1217 3117 f.
1237 3067 1332 3117 Gesch.
1351 3068 1377 3116 d.
1396 3066 1565 3131 Philosophie

431 3152 490 3218 XV,
513 3168 539 3216 4.
568 3167 642 3218 1902.
668 3171 728 3220 pag.
755 3167 808 3219 479
828 3171 897 3222 sqq,
922 3171 945 3205 e.
960 3171 986 3220 g.
1011 3170 1071 3221 pag.
1095 3154 1162 3216 480:
1189 3155 1246 3220 ,De
1272 3160 1356 3204 toutes
1379 3153 1419 3204 les
1440 3153 1564 3218 sciences,

428 3238 467 3289 les
491 3241 708 3308 mathemattques
726 3251 795 3310 sont,
815 3260 881 3309 pour
900 3243 1001 3309 Platon,
1020 3243 1099 3294 celles
1117 3243 1164 3308 qui
1180 3258 1208 3293 se
1223 3242 1398 3308 rapprochent
1414 3243 1439 3293 le
1455 3244 1515 3308 plus
1530 3242 1563 3292 de

429 3325 455 3375 la
473 3327 658 3394 dialectique.”
677 3329 720 3397 [ln
739 3331 827 3396 aprico
846 3339 894 3398 est,
913 3347 967 3380 non
986 3331 1028 3396 agi
1046 3330 1078 3380 de
1098 3330 1197 3394 vulgari
1216 3329 1262 3380 illa
1281 3330 1423 3394 geometria
1441 3337 1467 3379 et
1486 3329 1564 3378 arith·

428 3414 522 3464 metica
540 3411 705 3476 (ὶριθμνρτιιενὶ)
722 3413 737 3469 si
754 3421 803 3464 τῶν
822 3421 929 3472 πολλῶν,
947 3415 1080 3478 Ασγιστιενὶ
1100 3413 1142 3464 aui
1158 3413 1293 3477 μετρητικὴ
1312 3411 1409 3469 rimie
1424 3413 1567 3470 τεκτονικὴν

427 3495 471 3544 rat
487 3499 546 3546 κοτ’
563 3495 704 3562 ἂμτοριενίν.
721 3519 736 3553 a
754 3519 807 3569 qua
823 3498 838 3556 ti
856 3506 906 3550 rau
923 3499 1124 3564 φιλοσοφούντων
1142 3499 1307 3562 (ἀριθμητική)
1329 3501 1442 3568 (Phileb.
1468 3504 1501 3569 56
1517 3502 1577 3572 D),

426 3579 441 3636 i
465 3585 533 3633 sart
555 3586 705 3649 pansopius
728 3587 870 3650 γειιμετρίο
892 3602 923 3635 τε
945 3585 987 3636 ael
1009 3586 1129 3650 λογισμοὶ
1150 3585 1387 3647 νοτομενιετᾶμενοι
1405 3589 1484 3655 plane
1503 3598 1564 3639 sunt

428 3671 530 3724 diversa
544 3673 657 3740 (Phileb.
669 3675 701 3741 56
711 3675 755 3743 Ε);
765 3676 798 3727 cs.
807 3678 927 3743 Romen,
936 3677 974 3727 l.l.
985 3693 1044 3742 pag.
1054 3675 1127 3744 480].
1139 3677 1319 3728 PLUTARCHUS
1328 3675 1448 3740 (Quaest.
1458 3677 1562 3726 courir.

428 3759 503 3828 Vlll,
527 3761 555 3828 2)
579 3762 683 3812 effatum
706 3774 890 3814 commemorat
909 3765 1057 3814 Petaurus:
1084 3760 1135 3820 trie
1158 3759 1199 3810 riri
1219 3763 1358 3824 γενιριετρεῖ
1374 3763 1429 3830 (ct.
1449 3762 1563 3813 crum

427 3859 452 3894 o.
462 3844 480 3894 l.
497 3862 557 3912 pag.
576 3859 634 3916 171,
649 3849 714 3899 edu.
730 3861 752 3915 1,
770 3850 929 3900 thttturtrt
945 3850 997 3899 o.l.
1014 3865 1090 3915 pagg.
1107 3862 1152 3916 43,
1160 3862 1222 3916 304,
1231 3848 1304 3916 389).
1320 3851 1351 3900 ln
1361 3850 1444 3915 ipsius
1454 3849 1562 3899 Theaet.

430 3932 511 3994 173ss
530 3933 563 3984 de
582 3950 642 3984 vere
660 3934 812 4000 philosophi
832 3931 927 3998 διονοιρι
945 3935 1010 3986 haec
1029 3936 1164 3986 dicuntur:
1183 3931 1197 3989 ti
1216 3931 1243 3982 ii
1260 3931 1363 3994 tetram,
1378 3937 1465 3982 τοῦτο
1479 3931 1565 3983 πέντε

426 4013 573 4078 *immin
596 4021 689 4080 σμικρὰ
711 4018 753 4068 nai
777 4016 855 4076 οὐδέν,
871 4018 1025 4080 ἀτιμάσασα
1042 4023 1164 4085 retraxi
1181 4017 1283 4084 φίροτοι
1301 4021 1368 4069 sarh
1386 4016 1513 4082 Πίνδαρον,
1529 4021 1565 4069 τὶ

427 4116 458 4148 τε
479 4103 530 4162 γᾶς
552 4097 663 4162 ὑπένερθε
685 4099 729 4150 nai
750 4102 785 4150 rh
809 4098 916 4150 intecta
933 4109 1184 4165 γειιμετροϋσο,
1201 4100 1300 4163 οὐρανοῦ
1317 4120 1347 4152 τε
1369 4101 1429 4164 ὕπερ
1446 4101 1564 4164 ἀστρονο-

424 4184 517 4242 μοῦσο,
540 4181 582 4230 nai
604 4185 689 4231 πᾶσαν
712 4180 795 4245 uturp
815 4181 890 4245 φύσιν
912 4181 1060 4246 ερεννιιμάνιρ
1083 4189 1133 4233 τῶν
1154 4182 1230 4233 ’όντιιν
1249 4181 1359 4234 ἑκάστου
1377 4183 1444 4241 itas.
1460 4183 1495 4242 alc
1512 4187 1562 4232 σῦν

424 4261 505 4327 ὗγγϋς
527 4261 597 4313 viiiv
620 4261 698 4322 arietis
718 4263 892 4327 σνγεοθιεῖσο.
910 4269 965 4318 Nec
984 4285 1038 4319 non
1054 4269 1098 4319 hic
1117 4269 1247 4320 laudanda
1265 4277 1324 4318 sunt
1343 4269 1462 4318 Zttttttttt
1480 4269 1560 4318 verba

425 4352 484 4419 (Ph.
503 4353 529 4402 d.
548 4354 593 4403 Gr.
613 4354 638 4403 11
661 4353 686 4404 ι4
705 4370 764 4418 pag.
783 4355 860 4420 955):
882 4355 978 4418 ,Hatte
998 4355 1052 4405 sich
1073 4356 1146 4405 Plato
1164 4355 1244 4404 sehon
1263 4357 1291 4405 in
1307 4355 1353 4405 der
1369 4353 1560 4404 wissenschaft-

425 4438 513 4489 lichen
528 4439 696 4503 Darstellung
711 4441 796 4490 seiner
812 4441 980 4505 Metaphysik
996 4443 1055 4494 dem
1071 4441 1297 4506 Pythagoreismus
1313 4440 1360 4492 auf
1373 4440 1561 4492 cinebedenk·

424 4525 492 4575 liche
518 4527 605 4576 Weise
630 4527 763 4592 genfihert,
782 4543 817 4576 so
842 4528 921 4576 tritt
940 4528 973 4576 in
992 4528 1054 4578 den
1074 4527 1241 4577 Gesetzen
1260 4528 1314 4578 die
1334 4526 1561 4578 Mathematilr

425 4612 583 4663 vollends
602 4630 683 4678 ganz
702 4630 740 4664 an
759 4614 813 4664 die
833 4613 941 4664 Stelle
960 4615 1017 4664 der
1035 4614 1296 4682 Philosophie;''
1315 4615 1354 4680 (in
1373 4615 1432 4664 aliis
1449 4629 1559 4680 quoque

422 4699 533 4764 dialogis
558 4702 753 4752 mathematicae
776 4709 842 4751 artes
867 4709 893 4751 et
917 4701 1052 4752 dialectica
1069 4701 1195 4751 confundi
1214 4701 1267 4752 fere
1287 4701 1408 4751 ridentur
1426 4703 1495 4750 inter
1516 4715 1558 4750 se:
