3654 5564
801 621 871 692 1²3

268 794 495 891 quisiverant
531 811 588 869 est
624 813 769 888 actum3
802 797 931 870 deinde
959 796 1049 894 quid
1077 797 1125 870 de
1152 795 1307 870 aliorum
1337 797 1400 870 do·

265 931 435 1014 gmatum
463 917 677 1016 cognitione
700 919 780 1016 ipse
804 934 974 992 censeret
998 919 1136 1010 Porro,
1162 919 1299 1018 quique
1324 918 1400 1016 phi-

267 1035 413 1136 losophi
450 1039 633 1114 tractandi
666 1056 803 1131 essent,
843 1056 900 1115 est
934 1039 1189 1138 exploratum,
1209 1050 1400 1138 postremo

268 1161 358 1257 quid
381 1162 429 1235 de
453 1163 600 1260 mythis,
625 1163 673 1236 de
687 1164 821 1261 poetis,
846 1163 895 1237 de
909 1162 1154 1254 multitudine,
1170 1164 1218 1238 de
1232 1163 1401 1238 barbaris

266 1283 444 1357 iudicaret
472 1285 611 1374 Perre,
636 1300 821 1381 quatenus
844 1285 894 1359 ad
917 1284 1306 1392 philosophiamquid
1320 1310 1399 1383 per·

265 1405 436 1496 tinerent,
466 1407 704 1480 constitutum
733 1424 800 1482 est.

322 1527 498 1602 Altera
535 1530 704 1627 operis
741 1531 885 1603 huius
920 1545 1063 1628 parte
1100 1530 1156 1604 de
1184 1528 1400 1628 singulis

267 1649 621 1748 disputaturus
648 1678 748 1726 sum
775 1651 1097 1750 philosophis.

320 1771 576 1869 Philosophia
606 1773 770 1872 inquam,
799 1799 875 1848 non
894 1773 1242 1871 philosophamus.
1273 1775 1399 1872 Roga·

266 1893 362 1968 verit
394 1895 589 1992 quispiam,
619 1897 745 1969 curin
774 1897 881 1970 huius
908 1896 1025 1996 partis
1054 1897 1291 1994 discriptione
1313 1897 1406 1992 phi--

267 2017 503 2112 losophorum
540 2034 730 2092 secuturus
762 2019 830 2092 sim
860 2019 1040 2109 ordinem,
1071 2043 1145 2092 non
1165 2017 1401 2115 philosophe-

267 2146 423 2228 matum,
460 2138 498 2212 id
535 2140 638 2237 quod
675 2139 779 2215 multi
815 2141 967 2215 iecerint
1003 2141 1070 2214 viri
1107 2141 1218 2214 docti.
1231 2137 1257 2238 ¹)
1292 2139 1401 2213 Talia

268 2261 462 2358 quaerenti
486 2261 654 2336 ordinem
678 2262 775 2336 hunc
799 2263 940 2360 optime
964 2287 1076 2360 posse
1090 2263 1229 2337 servari
1244 2262 1401 2336 libenter

268 2383 453 2457 concedo:
479 2409 548 2457 nec
571 2407 712 2482 negare
735 2385 771 2457 in
796 2385 921 2458 animo
937 2401 1006 2476 est,
1022 2409 1166 2459 revera
1182 2384 1259 2459 fieri
1277 2409 1399 2482 posse,

269 2519 311 2577 ut
347 2504 501 2578 multam
539 2505 686 2581 adierat
721 2506 931 2598 utilitatem,
960 2508 990 2580 si
1017 2508 1203 2581 variarum
1232 2532 1329 2605 quae
1352 2505 1401 2580 ad

270 2626 544 2725 philosophiam
568 2629 754 2724 pertinent
778 2629 1039 2725 quaestionum
1064 2630 1319 2703 describuntur
1333 2628 1400 2702 ori-

269 2750 386 2846 gines'
399 2774 444 2823 ac
467 2752 748 2848 progressiones
773 2767 812 2824 et
834 2766 1072 2848 exponuntur
1094 2751 1400 2849 philosophorum

269 2871 439 2946 diversae
467 2871 514 2946 de
542 2873 585 2946 iis
612 2874 829 2947 sententiae.
864 2873 918 2947 At
941 2874 1139 2971 quominus
1161 2875 1199 2947 id
1222 2874 1294 2947 hoc
1316 2872 1400 2946 loco

270 2993 347 3084 fiat,
376 2995 529 3069 obstant
555 2997 766 3094 argumenti
793 2997 967 3070 rationes.

322 3115 471 3190 Etenim
490 3118 624 3213 primo
652 3143 725 3192 non
759 3117 880 3192 solum
908 3118 996 3216 quid
1014 3119 1069 3192 de
1091 3116 1400 3216 philosophorum

267 3239 453 3336 dogmatis
475 3256 626 3314 censeat
650 3241 789 3331 Punm,
814 3241 901 3314 mihi
925 3257 983 3315 est
1006 3240 1253 3331 tractandum,
1269 3265 1401 3313 verum

268 3362 381 3434 etiam
419 3386 517 3458 quae
545 3362 593 3435 de
620 3363 662 3435 iis
690 3363 793 3458 ipris,
824 3362 872 3437 de
900 3364 977 3436 vita
1006 3389 1136 3437 eorum
1164 3378 1203 3438 et
1229 3364 1402 3460 operibus

268 3483 414 3557 reserat.

323 3607 470 3680 Deinde
506 3607 585 3704 ipse
623 3607 749 3680 Punro
786 3608 822 3680 in
854 3607 1029 3704 operibus
1056 3609 1130 3681 suis
1157 3607 1403 3704 philosophos

269 3728 390 3826 primo
418 3727 502 3802 loco
529 3755 671 3826 ponere
693 3727 801 3820 solet,
826 3754 901 3803 non
925 3729 1269 3828 philosophemata;
1294 3730 1401 3803 inter-

268 3851 358 3924 dum
395 3851 546 3948 quidem
583 3852 706 3925 varias
743 3852 790 3926 de
827 3853 1047 3949 quaestione
1080 3852 1205 3950 aliqua
1232 3868 1401 3926 recenset
1529 3943 1531 3949 k

269 3974 484 4063 sententias,
508 3973 575 4047 sed
600 3999 793 4048 recensere
813 3973 908 4049 solet
922 3975 974 4048 ita
987 3991 1029 4048 ut
1042 3973 1149 4049 simul
1164 4001 1230 4049 eos
1245 3991 1399 4074 spectet,

271 4095 333 4193 qui
354 4095 423 4168 has
446 4096 649 4170 sententias
672 4096 923 4195 protulerunt:
949 4123 1010 4170 me
1028 4123 1130 4188 vero,
1146 4099 1176 4171 si
1191 4099 1401 4171 Pnnronau

271 4243 419 4315 sequor,
447 4243 530 4291 cum
555 4243 629 4291 non
654 4219 735 4315 ipsa
758 4218 1052 4316 prae-Socratica
1076 4218 1311 4318 philosophia
1334 4218 1401 4292 sed

318 4481 344 4546 ι)
361 4481 484 4546 Exempli
508 4496 584 4530 causa
609 4480 687 4530 affero
712 4481 760 4530 CL.
785 4481 952 4546 Batauum,
970 4481 1024 4530 Das
1043 4481 1164 4531 Problem
1182 4480 1228 4530 der
1247 4480 1356 4530 Materia
1374 4480 1402 4529 in

272 4568 317 4618 der
328 4567 514 4618 Griechischen
525 4567 693 4633 Philosophie
703 4582 710 4633 ς
721 4567 811 4632 Coun,
821 4567 977 4620 Geschichte
987 4568 1033 4618 des
1043 4566 1401 4634 Uneudlichkeitsproblemq

272 4655 369 4708 anm
388 4657 500 4722 nouos,
517 4656 630 4725 Psyche3
648 4655 724 4706 alios.
