3724 5576
820 672 867 745 59

277 851 445 950 losophos
480 847 661 948 appellare
697 848 862 924 solemus,
874 845 899 947 ¹)
935 850 1059 948 Itaque
1094 853 1128 924 in
1164 878 1229 927 eos
1263 877 1410 950 quoque

279 991 354 1049 erat
380 973 632 1072 inquirendum,
662 973 721 1070 qui
747 981 840 1076 σοφοί
863 973 1035 1048 dicmtur.

329 1097 517 1170 Praeterea
543 1120 663 1193 neque
686 1095 754 1168 hoc
776 1093 991 1168 vocabulum
1013 1097 1109 1199 σοφός
1131 1113 1266 1170 certam
1278 1097 1410 1194 ubique

276 1219 386 1293 habet
407 1220 478 1292 vim
491 1254 499 1311 3
511 1217 536 1314 Ξ)
559 1243 643 1291 nam
661 1218 690 1290 si
703 1217 863 1308 haberet,
878 1217 967 1292 effici
980 1234 1132 1317 poterat,
1147 1244 1227 1292 cum
1241 1227 1410 1324 φιλοσοφία

277 1358 371 1416 esset
397 1356 508 1432 κτῆσις
536 1341 727 1444 ἐπιστήμης,
755 1365 845 1440 ergo
873 1347 969 1444 eopia
995 1340 1089 1414 idem
1118 1342 1214 1439 quod
1237 1344 1410 1445 ἐπιστήμη,

276 1465 395 1562 itaque
417 1473 437 1541 ὁ
458 1463 553 1567 σοφός
571 1461 769 1561 possideret
783 1465 975 1567 ἐπιστήμην,
995 1464 1271 1564 Protagoras
1291 1478 1410 1538 autem

277 1587 510 1660 nominaretur
527 1585 635 1688 σοφός,
656 1585 967 1684 Protagoram,
982 1599 1040 1678 τῆς
1053 1589 1155 1680 δοξῆς
1168 1585 1264 1660 illum
1278 1585 1362 1685 proi
1398 1629 1410 1640 ·

277 1735 406 1798 sorem,
421 1708 467 1781 de
482 1707 661 1780 Pmroms
674 1707 846 1781 sententia
859 1707 1041 1804 possidere
1051 1711 1244 1814 ἐπιστήμην,
1254 1711 1337 1818 δόξῃ
1348 1735 1410 1806 op·

277 1832 447 1928 positam!
474 1829 596 1918 Vides,
615 1855 723 1927 quam
738 1826 865 1902 multas
877 1828 968 1903 tales
981 1855 1038 1904 res
1049 1831 1208 1905 habeant
1220 1832 1410 1922 cautiones,

277 1980 359 2028 cum
372 1955 512 2050 insuper
524 1951 605 2025 ahhi
617 1951 711 2024 idem
732 1952 1006 2052 Protagoras
1027 1952 1226 2051 appelletur
1239 1958 1408 2058 captoria!

331 2075 363 2149 E
398 2074 524 2173 quibus
560 2073 722 2148 omnibus
758 2073 866 2147 rebus
901 2074 1065 2171 sequitur,
1093 2077 1209 2149 utin
1235 2076 1412 2150 univer·

278 2225 373 2272 sum
399 2195 514 2271 nihil
540 2195 807 2295 profecturi
833 2197 997 2287 simus,
1026 2223 1048 2271 e
1071 2197 1411 2295 philosophiae

278 2321 470 2394 notione
510 2317 709 2392 efficere
749 2334 1000 2410 conantes,
1041 2320 1097 2393 de
1132 2321 1412 2418 quibusnam

278 2445 362 2517 hac
388 2441 704 2540 disputatione
729 2440 789 2514 sit
815 2439 1111 2540 dicendum.³)

331 2568 456 2662 Itaque
491 2563 570 2637 nihil
606 2578 727 2652 restat,
764 2564 826 2637 nisi
862 2580 901 2638 ut
938 2565 986 2638 ab
1019 2565 1068 2658 iis,
1108 2566 1166 2664 qui
1200 2565 1268 2639 hac
1294 2579 1413 2640 aetate

278 2691 311 2762 in
343 2686 702 2787 prae-Socraticorum
735 2685 1024 2785 philosophorum
1056 2714 1203 2763 numero
1226 2687 1411 2778 habentur,

277 2810 547 2910 proficiscamur,
582 2809 772 2882 indicemus
797 2824 930 2900 autem,
958 2810 988 2882 si
1014 2811 1146 2908 quain
1172 2837 1211 2885 re
1238 2811 1414 2906 discrepet

279 2933 422 3024 PLATo3
450 2930 485 3003 id
508 2930 606 3028 quod
628 2956 674 3004 ne
696 2930 837 3027 saepius
859 2931 932 3023 fiat,
953 2957 1024 3006 non
1044 2949 1099 3007 est
1112 2934 1317 3023 verendum,
1333 2958 1412 3005 cum

278 3055 403 3128 horum
421 3051 709 3150 philosophomm
723 3051 933 3151 dogmatum
947 3055 1147 3128 Pnnrouuu
1160 3055 1304 3152 eiusque
1317 3053 1412 3126 disci·

278 3175 399 3274 pulum
429 3176 690 3248 Amsrornnnn
717 3174 884 3272 imprimis
910 3177 1012 3250 nobis
1038 3203 1118 3252 esse
1146 3179 1278 3252 iontem
1306 3201 1413 3274 supra

278 3299 349 3373 iam
375 3299 504 3372 dictum
530 3298 583 3372 sit.
594 3296 620 3393 4)

334 3568 369 3638 4.
399 3544 459 3618 De
483 3567 554 3617 una
572 3557 693 3617 tamen
706 3569 745 3616 re
759 3544 924 3642 imprimis
938 3559 994 3618 est
1006 3569 1066 3617 cur
1079 3543 1212 3618 addam
1228 3542 1411 3618 nonnulla:

281 3667 527 3782 quaeritur
557 3665 746 3740 scilicet
772 3667 849 3740 ubi
875 3668 1086 3765 incipere
1113 3667 1327 3766 putanda
1353 3667 1413 3740 sit

329 3928 355 3996 1)
375 3929 405 3978 In
424 3929 573 3977 universum
591 3925 666 3986 σοφός
684 3925 766 3990 magis
784 3926 849 3975 mihi
868 3925 970 3976 videtur
985 3943 1000 3975 a
1016 3926 1146 3976 ΡιΑτοΝΕ
1160 3928 1279 3992 usurpari
1295 3943 1342 3992 pro
1351 3927 1413 3976 artis

283 4015 419 4080 vocabulo,
437 4014 473 4063 ita
491 4020 519 4062 ut
538 4029 583 4063 eos
601 4012 729 4077 significet
747 4013 842 4076 quibus
858 4028 953 4062 nomen
965 4012 1129 4078 philosophis
1145 4014 1192 4081 sit3
1208 4029 1267 4064 cum
1281 4013 1415 4074 φιλόσοφοι

284 4102 337 4151 sint
360 4101 389 4168 ii,
412 4101 459 4165 qui
483 4102 514 4149 de
537 4100 659 4150 Platonis
678 4100 808 4149 sententia
826 4115 915 4149 veram
935 4100 1030 4149 habent
1047 4100 1212 4164 sapientiam.
1231 4101 1286 4151 Nec
1306 4101 1412 4151 veroin

285 4204 374 4237 omnes
392 4187 464 4236 locos
482 4186 553 4236 cadit
571 4186 620 4236 hoc
637 4185 783 4236 discrimen.

329 4273 358 4341 2)
376 4273 484 4323 Phaedr.
500 4282 550 4337 235
562 4274 587 4322 D
602 4274 715 4323 invicem
732 4274 869 4324 Anacreon
886 4277 963 4339 σοφάς
972 4273 1080 4323 dicitur:
1092 4270 1264 4334 Ἀνακρέοντος
1273 4275 1319 4321 τοῦ
1328 4276 1415 4336 σοφοῦ.

330 4361 358 4428 3)
377 4360 494 4427 Accedit,
520 4360 592 4426 quod
610 4360 658 4409 huc
677 4360 776 4409 ratione
795 4366 821 4408 et
840 4357 915 4424 plura
933 4360 974 4410 bis
992 4369 1079 4412 essent
1097 4362 1217 4428 dicenda,
1235 4378 1294 4411 cum
1313 4365 1413 4429 Pnn'rO,

284 4450 354 4498 inter
371 4448 545 4514 philosophos
560 4447 674 4512 aliquem
694 4463 855 4514 enumerans,
873 4447 949 4497 simul
969 4447 1000 4497 de
1016 4464 1048 4498 eo
1065 4449 1189 4499 iudicium
1205 4449 1283 4516 ferat3
1298 4449 1413 4516 denique

286 4551 339 4586 non
367 4535 429 4585 satis
457 4541 603 4601 appareret,
631 4535 653 4584 si
680 4533 744 4599 quid
769 4534 837 4583 inter
861 4534 977 4584 Platonis
995 4543 1021 4584 et
1040 4543 1155 4586 nostram
1173 4537 1300 4586 rationem
1315 4545 1413 4588 extaret

281 4621 447 4672 discriminis.

327 4705 555 4778 dfflmm
