3698 5574
802 693 873 765 205

641 945 671 994 B.
699 945 757 994 DE
785 944 1024 995 ORPHICIS.

329 1149 384 1198 12.
409 1122 521 1197 Omni
544 1123 621 1198 lere
641 1124 829 1198 Pnnroms
843 1124 891 1198 de
906 1123 1062 1222 Orpheo
1076 1124 1261 1198 sententia
1276 1123 1400 1222 explo-

270 1260 351 1320 rata
366 1290 418 1300 —
433 1245 536 1320 cuius
556 1247 764 1321 sententiae
783 1271 929 1320 summa
943 1246 1027 1320 illuc
1043 1246 1226 1344 pertinere
1241 1247 1398 1338 videtur,

271 1383 311 1441 ut
342 1385 473 1442 notum
500 1368 602 1443 illum
631 1369 779 1443 fabulae
807 1369 1002 1466 Orpheum
1030 1395 1114 1443 cum
1143 1369 1314 1467 Orphicis
1342 1395 1402 1443 eo·

270 1517 426 1589 rumque
453 1492 628 1566 doctrinis
650 1517 725 1567 non
749 1492 981 1566 coniunxisse
1005 1518 1091 1566 eum
1114 1491 1400 1567 existimandum

269 1613 385 1687 sit-
409 1615 484 1689 iam
513 1616 678 1714 sequitur
706 1613 806 1706 illud,
836 1630 876 1689 ut
904 1614 1150 1713 Orphicos
1176 1615 1213 1688 in
1241 1616 1400 1714 quaesti·

269 1761 380 1810 onem
404 1762 594 1812 vocemus,
620 1738 728 1833 Quos
751 1763 835 1812 cum
859 1739 894 1810 in
919 1737 1225 1837 philosophorum
1245 1763 1400 1813 numero

269 1858 393 1933 referri
417 1885 440 1934 a
465 1861 653 1952 Pmoun,
678 1860 714 1933 in
737 1860 859 1957 priore
882 1860 989 1934 huius
1013 1859 1273 1958 disputationis
1293 1876 1401 1958 parte

268 1982 468 2079 probatum
492 1984 549 2074 sit,
575 1983 668 2058 haec
690 1982 763 2056 hoc
785 1982 869 2056 loco
888 1997 1059 2080 repetere
1074 2008 1148 2056 non
1163 1998 1221 2057 est
1235 2008 1398 2057 necesse

271 2103 391 2179 Multa
432 2121 626 2204 praeterea
668 2121 765 2197 sunt,
803 2130 901 2203 quae
937 2104 1022 2179 licet
1058 2106 1132 2179 iam
1169 2105 1217 2180 de
1245 2106 1401 2203 Orpheo

268 2227 433 2303 dicentes
461 2229 784 2327 disputaverimus,
810 2253 884 2303 non
909 2228 1029 2302 minus
1052 2243 1180 2302 tamen
1204 2229 1254 2302 ad
1268 2228 1401 2326 Orphi-

269 2377 334 2424 cos
357 2353 584 2450 pertineant:
609 2351 659 2426 ad
683 2377 781 2449 quae
805 2351 840 2423 in
864 2351 1041 2448 proximis
1063 2376 1241 2425 revocare
1255 2351 1398 2426 sufficit.

270 2473 444 2572 Denique
467 2473 708 2549 consideratis
730 2474 773 2547 iis
796 2497 894 2572 quae
916 2472 953 2546 in
979 2473 1099 2570 priore
1113 2473 1264 2548 huiusce
1279 2473 1400 2572 dispu-

269 2596 419 2670 tationis
441 2612 549 2694 parte
571 2596 620 2669 de
643 2595 815 2692 Orphicis
834 2595 928 2668 inter
942 2593 1185 2693 philosophos
1199 2595 1401 2670 numeratis

269 2744 292 2792 a
316 2719 504 2809 Punronn,
528 2719 800 2817 disputavimus
821 2717 1060 2815 virorumque
1085 2716 1280 2792 doctorum
1302 2719 1401 2794 testi·

272 2840 403 2914 moniis
430 2841 478 2915 ibi
501 2840 634 2934 allatis,
645 2837 672 2938 ¹)
696 2839 840 2937 plurimi
864 2839 942 2914 fieri
967 2839 1151 2938 Orphicos
1175 2867 1198 2915 a
1221 2842 1400 2915 Pmoun

272 3047 464 3058 ..—

271 3172 412 3223 sententias
437 3171 538 3236 aliquot
562 3169 590 3219 in
616 3169 724 3219 transitu
749 3169 823 3219 affert
849 3185 903 3218 non
920 3168 954 3218 ud
973 3168 1049 3219 fidem
1068 3169 1195 3220 dictorum
1214 3171 1260 3222 sed
1277 3173 1403 3223 orationis

271 3259 439 3309 illustrandae
457 3273 534 3307 causa
552 3264 578 3307 et
597 3271 789 3320 nonnunquam
804 3255 922 3306 irridens.
938 3257 1078 3305 Auctorem
1094 3257 1172 3308 modo
1188 3265 1257 3308 recta
1267 3259 1402 3325 Orpheum

271 3344 484 3412 appellat,m0do
504 3341 563 3398 τοὺς
579 3338 648 3403 ἀμφὶ
665 3339 766 3403 Ὀρφέα,
783 3342 918 3408 volgari
933 3342 1041 3393 famae
1056 3359 1116 3394 nec
1130 3345 1402 3412 derogansqnid·

271 3448 367 3498 quem
387 3447 446 3481 nec
465 3428 655 3495 arrogans.''

314 3519 443 3569 Nimirum
463 3533 568 3584 prorsus
587 3517 709 3566 abhorret
727 3515 843 3564 wisan
861 3515 1001 3581 sententia,
1019 3516 1092 3566 cuius
1110 3533 1235 3568 summam
1253 3534 1278 3568 o.
1287 3519 1305 3569 1.
1325 3534 1403 3584 pugg.

271 3620 315 3673 40,
332 3620 363 3669 41
384 3607 434 3656 hoc
454 3605 532 3655 modo
550 3603 666 3654 breviter
683 3603 794 3668 repetit:
815 3617 858 3666 „er
876 3602 959 3652 kennt
979 3602 1052 3652 seine
1071 3620 1126 3670 sog.
1141 3605 1268 3670 gdttliche
1283 3605 1403 3656 Abkunt't

272 3693 326 3743 und
344 3699 443 3758 spottet
461 3692 526 3741 itber
544 3691 596 3756 sie3
615 3705 643 3740 er
662 3688 730 3738 sieht
748 3688 777 3738 in
795 3687 849 3737 ihm
864 3687 981 3738 offenbnr
997 3689 1075 3740 einen
1092 3690 1313 3758 Griechen‚nicht
1324 3693 1403 3743 einen

272 3779 401 3846 'lhralcer3
419 3793 447 3828 er
465 3778 548 3829 kennt
567 3777 612 3826 ihn
631 3775 670 3826 als
689 3775 796 3842 Singer,
815 3775 933 3840 Dichter,
948 3775 1076 3842 Erinden,
1091 3777 1270 3829 Weihestiiter
1285 3780 1340 3829 und
1355 3781 1402 3829 Be·

272 3865 385 3932 grunder
403 3865 477 3915 eines
496 3864 636 3930 religidsen
656 3863 775 3928 Bundes3
793 3877 827 3911 ιιι
846 3861 932 3911 seiner
950 3862 1172 3926 geschichtlichen
1188 3865 1312 3915 Existenz
1330 3865 1405 3916 awei-

272 3952 319 4003 ielt
338 3969 365 4003 er
383 3967 411 4002 so
430 3952 517 4018 wenig
535 3951 583 4000 wie
597 3966 630 4000 ιιι
648 3949 694 3999 der
709 3948 832 3999 Echtheit
848 3947 893 3998 der
907 3948 962 3997 ihm
978 3950 1214 4014 augeschriebenen
1226 3952 1405 4018 Dichtungen,

272 4055 324 4088 von
342 4040 428 4089 denen
444 4054 472 4088 er
486 4038 619 4103 Hymen,
637 4035 852 4100 Weihegedichte
869 4035 924 4084 und
938 4036 997 4086 eine
1013 4036 1167 4102 Theogonie
1183 4039 1280 4106 kennt3
1292 4039 1324 4089 0.
1334 4040 1405 4090 lebte

270 4125 337 4175 nach
356 4126 441 4176 seiner
461 4124 572 4175 Ansicht
591 4139 637 4173 vor
656 4121 780 4172 Homer.”
799 4121 878 4184 Quod
896 4122 1022 4172 iudicium
1040 4123 1142 4174 duobus
1156 4125 1267 4176 maxime
1281 4127 1353 4177 vitiis
1368 4154 1401 4164 -

271 4213 408 4278 primariis,
433 4219 461 4262 ut
485 4213 522 4262 ita
546 4211 630 4261 dicam
648 4238 684 4247 —
703 4209 785 4275 premi
803 4209 915 4274 videtur,
934 4224 948 4258 e
967 4210 1063 4274 quibus
1081 4213 1184 4278 reliqua
1201 4213 1265 4263 ritis
1283 4229 1404 4279 magnam

271 4306 369 4364 partem
387 4300 520 4348 oriuntur:
544 4298 577 4348 1⁰.
597 4297 670 4363 qnod
687 4297 756 4346 inter
775 4296 910 4362 Orpheum
929 4304 955 4346 et
974 4297 1105 4362 Orphicos
1124 4315 1178 4349 non
1199 4301 1261 4350 setis
1280 4300 1403 4350 discernit

270 4386 389 4454 Wnnun3
409 4387 445 4436 2⁰.
465 4386 537 4452 quod
557 4385 692 4434 Pinronts
706 4399 817 4449 operum
832 4383 929 4434 formae
945 4400 999 4433 non
1015 4385 1077 4435 satis
1091 4387 1219 4438 rationem
1231 4388 1320 4438 habet.
1331 4387 1404 4449 Quae

270 4472 333 4524 vitia
350 4489 409 4523 cum
427 4472 516 4522 multis
534 4472 596 4522 viris
615 4471 709 4536 doctis,
727 4487 785 4521 cum
803 4470 855 4520 alio
875 4471 928 4521 alio
946 4471 1040 4538 magis,
1058 4471 1083 4522 ei
1101 4475 1249 4524 communia
1267 4481 1336 4524 sunt.

317 4561 343 4626 ι)
362 4560 492 4626 Imprimis
515 4560 639 4609 Discursu
657 4559 737 4608 verba
754 4557 822 4624 dico,
842 4573 920 4623 supra
937 4557 1011 4624 (pag.
1030 4556 1076 4628 85)
1094 4560 1187 4610 allata:
1208 4561 1267 4626 „die
1286 4560 1405 4611 Vereini-

271 4661 341 4712 gung
369 4646 521 4712 orphischer
549 4643 732 4711 Apokalyptilr
756 4645 804 4694 mit
828 4643 982 4695 eleatischer
1005 4645 1149 4715 Dialelrtik,
1174 4649 1273 4699 welche
1298 4649 1404 4699 Platons

273 4733 369 4784 Grdsse
389 4731 548 4784 ansmacht.'’
