3698 5574
950 643 1020 712 166

419 838 468 912 ad
492 837 822 912 demonstrandum
847 853 999 936 propter
1016 837 1232 935 ambiguam
1247 838 1447 910 verborum
1462 860 1544 910 con·

418 960 646 1034 secutionem
675 985 772 1058 quae
795 960 959 1034 admittit
981 975 1189 1058 utramque,
1211 973 1338 1032 tamen
1352 975 1410 1034 cst
1424 955 1545 1032 elabo-

417 1083 587 1174 randum,
617 1108 692 1181 quo
721 1080 860 1157 [acilius
886 1083 1084 1180 probetur:
1115 1106 1190 1154 non
1218 1082 1324 1178 parvi
1347 1081 1446 1155 enim
1471 1106 1545 1154 mo-

420 1204 534 1279 menti
561 1204 649 1278 mihi
676 1229 735 1278 res
762 1204 918 1280 videtur.

470 1327 610 1402 Primo
658 1326 736 1399 iure
788 1327 937 1424 quidem
989 1327 1186 1424 impugnat
1232 1326 1379 1400 Wsnuu
1415 1351 1545 1400 eorum

418 1449 643 1548 opinionem,
681 1493 732 1503 -
770 1449 972 1524 Ennomon
1010 1447 1193 1547 significat
1230 1493 1294 1540 -,
1330 1448 1393 1546 qui
1430 1449 1546 1522 verba

417 1571 459 1663 ὥς
495 1603 573 1674 φασι
608 1572 658 1644 ad
695 1569 776 1645 sola
810 1577 936 1677 βίῶλων
973 1571 1002 1648 ό.
1040 1584 1086 1650 Μ.
1124 1603 1155 1648 κ.
1190 1571 1241 1647 ’0.
1269 1571 1449 1645 referunt:
1479 1571 1545 1645 sed

418 1709 567 1791 praeter
594 1695 701 1783 hanc,
730 1719 829 1791 quae
856 1695 917 1767 vix
940 1693 1010 1767 dici
1033 1709 1158 1792 potest
1172 1693 1380 1792 explicatio,
1395 1711 1434 1768 et
1448 1721 1543 1785 eam,

418 1842 531 1914 quam
569 1816 648 1913 ipse
685 1816 861 1907 defendit,
900 1815 1010 1890 aliam
1047 1841 1130 1890 esse
1163 1816 1233 1890 loci
1261 1813 1576 1914 explicationem

418 1983 470 1992 -
493 1962 577 2011 eam
601 1963 714 2035 quam
738 1963 850 2036 supra
872 1937 1162 2036 significavimus
1184 1983 1248 2030 —,
1273 1938 1310 2011 id
1334 1963 1381 2012 ne
1395 1939 1431 2012 in
1447 1964 1545 2012 men-

417 2077 494 2134 tem
518 2060 668 2157 quidem
692 2061 726 2134 ei
748 2062 896 2135 venisse
919 2061 1082 2135 videtur:
1106 2061 1136 2135 si
1159 2061 1334 2151 venisset,
1358 2062 1420 2135 vix
1439 2062 1545 2159 scrip·

417 2199 538 2256 turum
571 2183 682 2256 luisse
711 2209 796 2258 eum
826 2184 995 2274 arbitror,
1024 2209 1121 2280 quae
1149 2183 1312 2280 scripsit:
1342 2209 1439 2257 nunc
1465 2199 1546 2258 tota

418 2305 497 2379 eius
523 2306 799 2404 argumentatio
826 2307 878 2379 sic
906 2306 994 2380 satis
1022 2306 1071 2379 ad
1099 2306 1239 2379 irritum
1268 2306 1377 2382 cadit.

473 2427 572 2501 Nam
611 2453 708 2526 quae
744 2429 822 2502 iure
856 2454 924 2502 suo
953 2429 1114 2502 BuRGuu
1143 2429 1349 2502 sententiae
1377 2430 1543 2527 opponit,

416 2552 511 2624 haec
548 2574 621 2622 non
659 2548 786 2622 valent
822 2565 951 2623 contra
987 2574 1071 2623 eam
1108 2575 1222 2647 quarn
1261 2575 1335 2648 ego
1363 2550 1545 2625 delensito

418 2671 777 2768 interpretationem:
808 2696 921 2768 quam
950 2688 1075 2745 autem
1098 2673 1174 2746 vim
1200 2671 1388 2746 Patronus
1409 2674 1544 2764 verbis,

418 2821 465 2869 ex
501 2793 614 2890 ipsius
650 2809 775 2866 mente
812 2794 1070 2890 interpretatis,
1108 2794 1312 2866 subiectam
1350 2819 1433 2868 esse
1460 2794 1546 2868 dicit

420 2918 578 3006 Wsusn,
604 2916 708 3008 haec,
733 2915 869 2990 sicum
894 2931 974 2990 tota
999 2915 1184 2990 locutione
1209 2925 1376 2996 Μουσαίου
1401 2924 1457 2996 καὶ
1477 2919 1546 3023 Ὀρ-

417 3041 509 3142 φέως,
534 3039 677 3130 Σελήνης
699 3070 730 3114 τε
752 3044 808 3116 καὶ
830 3052 969 3118 Μουσῶν
989 3039 1129 3143 ἐγγόνων
1144 3038 1418 3136 coniunguntur
1431 3043 1546 3115 verba

417 3161 460 3254 ὥς
506 3192 596 3263 φασι,
640 3185 714 3233 ηοω
756 3160 876 3233 minus
917 3175 1016 3234 recte
1056 3147 1300 3258 significatur:
1342 3160 1479 3235 scilicet
1518 3163 1547 3236 si

419 3283 468 3357 ad
497 3291 610 3357 totam
639 3282 864 3356 locutionem
892 3287 1059 3362 Μουσαίου
1088 3286 1145 3360 καὶ
1174 3277 1322 3386 Ὀρφέως,
1352 3285 1495 3377 Σελήνης
1516 3317 1548 3362 τε

420 3410 477 3484 καὶ
515 3419 652 3484 Μουσῶν
681 3405 822 3509 ἐγγόνων
851 3405 1036 3502 pertinent
1064 3403 1124 3478 illa
1152 3403 1194 3496 ὥς
1221 3434 1310 3508 φασι,
1339 3407 1547 3480 necessario

421 3526 586 3625 sequitur
617 3543 658 3600 ut
695 3525 806 3600 etiam
835 3526 883 3599 ad
912 3528 1053 3617 Σελήνης
1079 3558 1112 3602 τε
1139 3533 1196 3604 καὶ
1225 3539 1364 3606 Μουσῶν
1394 3527 1549 3632 ἐγγόνων,

419 3650 457 3723 id
485 3664 542 3722 est
570 3648 618 3722 ad
637 3657 792 3744 partem
821 3649 933 3722 totius
960 3646 1165 3739 locutionis,
1196 3650 1415 3746 pertineant.

474 3771 620 3844 Deinde
643 3795 755 3868 quem
779 3769 902 3844 locum
926 3795 994 3868 pro
1019 3786 1241 3868 argumento
1266 3770 1374 3845 affert
1394 3771 1550 3866 Wuunn,

421 3893 517 3966 Tim.
548 3917 599 3985 40
615 3893 664 3983 Ι),
677 3888 702 3988 1)
730 3891 760 3964 is
788 3890 876 3965 nihil
900 3892 1051 3966 omnino
1075 3892 1319 3984 demonstrat,
1345 3921 1427 3968 cum
1452 3922 1551 3992 pror·

422 4041 485 4088 sus
521 4013 613 4087 alius
651 4013 696 4087 sit
731 4013 897 4112 generis:
936 4039 1024 4087 nam
1063 4013 1099 4087 1⁰
1126 4015 1184 4088 hic
1212 4016 1329 4089 verba
1357 4022 1400 4108 ῶς
1427 4014 1551 4120 ἔφασαν

421 4136 470 4211 ad
508 4137 609 4234 ipsos
644 4133 718 4228 τοὺς
755 4136 921 4241 εἰρηκότας
957 4133 1129 4243 ἔμπροσθεν
1157 4138 1353 4234 pertinent,
1384 4138 1420 4211 id
1449 4139 1551 4235 quod

423 4259 638 4357 imperfecto
667 4255 818 4361 (ἔφασαν)
848 4258 921 4331 iam
949 4258 1147 4332 indicatur:
1177 4259 1246 4356 ipsi
1274 4261 1310 4334 hi
1334 4260 1551 4357 theogonia·

424 4407 503 4455 rum
541 4391 678 4479 poetae
714 4406 756 4453 se
792 4385 870 4458 θεῶν
908 4381 1060 4485 ἐκγόνους
1088 4405 1171 4454 esse
1199 4381 1335 4472 dicunt,
1367 4406 1441 4454 non
1470 4381 1550 4478 alii,

422 4583 615 4594 ...q-..—

468 4696 497 4762 1)
515 4695 583 4744 Vide
602 4694 678 4762 infra,
697 4710 757 4760 pag.
779 4692 837 4757 178.
