3698 5574
817 713 883 787 171

285 889 410 991 bus;¹)
434 919 592 990 quorum
616 892 801 969 desiderio
826 919 910 968 cum
936 893 1130 968 socians
1152 889 1340 980 satisfacit,
1360 914 1415 962 or·

285 1013 382 1088 ditur
409 1016 605 1114 primariae
633 1017 686 1092 rei
714 1017 916 1114 disputatio
945 1015 1045 1113 (inde
1072 1040 1096 1089 a
1123 1041 1159 1112 p.
1187 1011 1310 1108 367E
1335 1009 1415 1084 libri

285 1138 460 1235 secundi).

339 1259 396 1333 Ex
433 1262 605 1336 omnibus
641 1261 699 1335 his
736 1259 841 1336 facile
870 1259 1100 1359 perspicitur,
1130 1257 1350 1334 Gnnucons
1378 1270 1415 1329 et

289 1382 488 1456 Amnon
516 1384 756 1475 orationibus,
782 1408 879 1482 quae
904 1409 951 1457 ne
976 1382 1140 1480 ipsorum
1165 1379 1315 1478 quidem
1339 1376 1415 1474 opi·

286 1504 416 1578 niones
443 1506 616 1598 reserant,
645 1506 798 1580 omnino
821 1532 896 1581 non
921 1504 1099 1580 contineri
1124 1505 1313 1577 Pnnrorns
1336 1525 1415 1574 sen-

284 1627 489 1726 tentiamff)
525 1655 639 1725 quarn
676 1630 726 1704 ab
762 1629 804 1702 iis
830 1629 918 1726 ipsis
946 1643 1108 1718 coactus,
1140 1652 1236 1700 nunc
1264 1625 1415 1698 demum

285 1765 451 1847 exponat
479 1751 691 1824 Socanrus:
716 1752 842 1848 itaque
866 1776 934 1825 nec
958 1751 1089 1824 mirum
1112 1748 1308 1837 videbitur,
1332 1769 1417 1818 curn

287 1871 414 1962 multa,
452 1897 550 1969 quae
587 1899 670 1945 curn
706 1874 763 1946 his
790 1873 1011 1947 Ganucoms
1039 1888 1078 1946 et
1107 1872 1308 1944 Anrunnn
1337 1892 1416 1940 ora·

286 1993 448 2068 tionibus
474 2010 655 2094 pugnent,
666 1992 693 2093 8)
717 1997 836 2094 ipsum
860 1996 1030 2070 docuisse
1053 1995 1275 2083 Pannonian,
1287 1989 1313 2088 ⁴)
1338 2005 1416 2063 tum
1445 1995 1447 2000 '

332 2253 498 2321 1)Snn1,tu.,
515 2253 634 2318 Prolegg.
653 2252 686 2302 ad
704 2254 772 2318 Rep.
792 2269 852 2320 pag.
870 2253 967 2303 LXIX.

331 2338 359 2406 a)
378 2339 418 2389 Cf.
444 2340 474 2389 L.
495 2335 633 2405 Scumuu,
651 2339 711 2389 Eth.
731 2339 757 2390 d.
777 2356 799 2391 a.
820 2339 865 2389 Gr.
884 2339 896 2388 1
916 2354 994 2404 pagg.
1014 2337 1047 2388 28
1066 2351 1140 2403 sqq.:
1162 2337 1229 2401 „Die
1247 2335 1417 2384 wonderbare

286 2425 420 2491 poetische
449 2425 687 2492 Gestaltungskraft
715 2425 830 2476 Piston's
857 2426 922 2475 wird
946 2425 1072 2475 ebenfalls
1097 2440 1127 2473 au
1149 2424 1235 2474 einem
1258 2421 1330 2472 nicht
1348 2420 1417 2469 hoch

289 2528 375 2578 genug
406 2513 648 2579 anzuschlageaden
679 2511 777 2579 Mittel,
805 2527 855 2561 uns
884 2512 935 2562 den
964 2511 1145 2576 griechischen
1175 2508 1326 2574 Volksgeist
1350 2505 1418 2556 nach

286 2600 372 2649 seiner
399 2599 533 2649 ethischen
561 2599 631 2650 Seite
658 2616 689 2649 zu
714 2599 984 2665 vergegenwirtigen:
1010 2599 1069 2648 sind
1093 2597 1161 2648 doch
1185 2598 1232 2646 der
1253 2597 1352 2646 Menon
1370 2594 1417 2644 des

285 2684 494 2750 gleichnamigen
520 2685 639 2751 Dialogs,
663 2685 710 2734 der
733 2687 873 2735 Pausanias
897 2685 943 2734 des
969 2684 1126 2751 Gsstmahls,
1144 2684 1190 2733 der
1210 2681 1354 2748 Kephalos,
1372 2680 1418 2729 der

289 2772 479 2838 Polemsrchos,
503 2771 550 2821 der
575 2771 708 2838 Glaukon,
732 2772 778 2822 der
804 2772 975 2822 Adeimantos
994 2771 1039 2820 der
1058 2770 1193 2836 Republili
1210 2770 1328 2834 Typen
1346 2767 1419 2816 sitt-

287 2858 398 2908 licher
419 2860 780 2926 Lebensrichtungeu,
799 2859 848 2910 wie
867 2859 904 2910 sie
924 2865 999 2909 unter
1017 2859 1109 2908 seinen
1128 2858 1314 2923 Zeitgenossen
1331 2853 1419 2918 biufig

287 2945 439 2994 vorhanden
458 2961 543 2995 waren
561 2946 615 2995 und
635 2947 683 2995 wie
701 2945 739 2995 sie
758 2945 820 2995 hein
839 2945 1035 2995 reflektirender
1050 2944 1155 2995 Bericht
1170 2943 1217 2993 mit
1233 2942 1348 3008 gleicher
1363 2942 1418 2989 An-

288 3031 476 3082 schaulichlreit
495 3047 544 3081 uns
562 3047 610 3082 vor
629 3032 671 3083 die
691 3031 766 3082 Seele
787 3033 898 3082 zaubern
917 3030 1043 3081 konnte.”

332 3117 361 3185 3)
379 3118 457 3181 Quod
483 3118 552 3184 dico,
576 3119 658 3168 multa
682 3119 723 3168 his
749 3119 835 3169 inesse
860 3119 1022 3168 orationibus
1041 3133 1108 3183 quae
1127 3132 1185 3166 cum
1204 3130 1264 3166 vera
1282 3115 1419 3165 Panuouls

288 3204 415 3270 opinione
433 3211 560 3270 pugnent,
579 3204 606 3254 id
625 3220 679 3254 non
697 3206 765 3254 hano
781 3205 862 3254 hahet
877 3204 939 3270 vim,
954 3213 983 3255 ut
998 3204 1070 3254 nihil
1076 3205 1162 3253 inesse
1172 3201 1338 3266 contendam,
1348 3199 1420 3265 quod

290 3307 348 3341 cum
371 3291 507 3340 Pannonis
526 3291 655 3341 sententia
673 3297 813 3356 congruat:
830 3291 880 3341 hoe
899 3297 1000 3341 tantum
1019 3290 1083 3356 dixi,
1101 3305 1132 3340 ea
1150 3305 1217 3355 quae
1235 3288 1419 3338 contineantur

289 3377 361 3428 hisce
379 3378 541 3428 orationibus
559 3392 613 3428 nou
629 3384 725 3427 temere
740 3378 861 3427 Ptauoru
878 3392 934 3428 esse
949 3377 1095 3442 tribuenda,
1105 3393 1163 3426 cum
1172 3377 1263 3426 harum
1273 3375 1419 3426 orationum

286 3466 351 3516 ratio
376 3471 402 3515 et
427 3464 592 3530 propositum
616 3479 631 3513 s
656 3463 787 3514 Socnn‘rts
813 3463 999 3529 disputationis
1020 3462 1131 3513 consilio
1151 3477 1255 3527 prorsus
1274 3461 1420 3512 abhorreat.

288 3553 381 3618 ltaque
399 3567 453 3601 non
472 3567 540 3616 nego
559 3566 620 3600 vera
638 3565 694 3600 esse
713 3566 781 3616 quae
800 3550 864 3600 dicit
883 3549 1017 3616 Senum,
1037 3549 1098 3599 Eth.
1117 3550 1142 3600 d.
1162 3565 1185 3600 a.
1205 3549 1250 3599 Gr.
1271 3550 1283 3599 1
1299 3564 1359 3614 pag.
1375 3545 1418 3597 28:

291 3639 358 3704 ,Die
377 3638 567 3703 hochwichtige
586 3637 667 3688 Stella
682 3637 728 3687 der
744 3637 888 3704 Republik,
904 3637 931 3686 in
948 3637 1059 3687 welcher
1074 3637 1194 3687 Platon
1211 3636 1253 3686 die
1267 3637 1326 3686 dem
1336 3649 1419 3700 popu·

287 3725 359 3775 iiten
393 3724 567 3774 Bewusstsein
597 3724 807 3789 gegenwtirtigen
836 3723 936 3773 Motive
963 3723 1009 3773 der
1036 3723 1196 3774 Sittlichkeit
1224 3721 1327 3772 durch
1353 3720 1419 3770 den

289 3811 316 3860 M
324 3811 390 3861 und
404 3811 461 3861 des
478 3809 641 3860 Adeimsn
650 3817 703 3860 tos
717 3810 790 3860 einer
800 3809 1004 3859 vemichtenden
1015 3809 1103 3858 Kritik
1114 3807 1259 3859 unterwirft
1268 3807 1307 3874 (a,
1317 3807 1419 3872 365a-

289 3896 377 3966 367e),
395 3897 459 3948 sasst
477 3895 611 3962 augleieh''
627 3911 700 3963 sqq.;
718 3912 875 3962 quamquam
891 3896 1106 3962 prudentiaopus
1116 3903 1169 3945 est:
1179 3893 1420 3945 conserantureius·

288 3985 348 4035 dem
365 3985 453 4050 verba,
472 3999 531 4049 pag.
553 3993 602 4046 174
620 3983 680 4033 adn.
703 3996 713 4032 1
735 3983 847 4034 laudata.

331 4071 361 4138 4)
379 4070 422 4122 Sic
444 4070 541 4121 similes
566 4086 668 4136 poenae
692 4071 780 4136 impiis
805 4077 831 4121 et
854 4071 958 4120 iniustis
983 4069 1135 4135 impendere
1152 4068 1274 4119 dicuutur
1291 4069 1342 4118 hoc
1360 4068 1419 4117 loco

287 4155 367 4224 (Rep.
383 4157 410 4208 11
430 4157 480 4221 363
491 4157 529 4225 D)
547 4163 626 4222 atque
644 4171 690 4206 eae
709 4172 774 4222 quas
790 4157 929 4207 Socanm
944 4163 1126 4206 commemorat
1138 4155 1269 4206 Phaedon.
1279 4154 1314 4218 ⁶9
1325 4153 1356 4217 C,
1365 4168 1418 4218 quo

286 4244 345 4294 loco
355 4244 420 4309 quin
430 4244 513 4309 ipsius
523 4243 666 4308 reperiatur
675 4245 810 4294 Pannonis
820 4243 959 4310 sententis,
968 4260 1022 4294 non
1033 4251 1072 4294 est
1079 4243 1195 4293 dubium:
1205 4237 1247 4288 zai
1256 4235 1420 4287 κινδυνεύουσι

285 4327 328 4377 nat
349 4328 375 4377 ol
388 4327 437 4386 τὰς
455 4328 564 4385 τελετὰς
581 4325 639 4388 iistis
657 4319 726 4376 nisos
743 4325 954 4386 καταστήσαντες
971 4324 999 4376 ol·
1016 4326 1114 4390 φαῦλοί
1127 4343 1192 4384 errae
1210 4322 1279 4385 eluat,
1296 4326 1366 4376 datie
1383 4329 1419 4389 τῷ

284 4408 337 4460 ’ὄντα
354 4408 435 4459 τάλαι
453 4407 617 4468 extimata,
635 4407 683 4466 liri,
700 4407 727 4466 ὃς
744 4408 774 4460 tv
791 4407 905 4470 ἀμύητος
921 4408 963 4458 καὶ
981 4408 1122 4467 ἀτέλεστος
1138 4408 1173 4468 τὶς
1187 4407 1277 4458 “Ariou
1290 4408 1421 4472 αφίαηται,

285 4487 316 4541 ἦν
338 4493 479 4554 βορβόρῳ
504 4490 667 4548 salvarat,
688 4490 701 4540 δ
719 4488 746 4540 ii
764 4489 942 4553 κεκαθαρμίνος
958 4506 988 4539 τι
1005 4490 1048 4540 καῖ
1064 4490 1246 4552 suranorum
1264 4487 1345 4540 ἐκεῖσι
1362 4490 1421 4554 αφτ-

285 4574 386 4634 ιιόμινσς
408 4574 476 4634 μετὰ
500 4571 557 4621 iada
574 4569 667 4629 einrico
684 4574 730 4640 (cl.
749 4576 817 4640 Rep.
837 4576 887 4639 363
898 4577 939 4626 D:
957 4573 1016 4630 τοὺς
1039 4570 1066 4622 δὲ
1083 4571 1196 4631 hoctona
1212 4567 1245 4622 ai
1262 4572 1305 4622 nai
1321 4569 1421 4633 αδίκσνς

285 4657 320 4719 εἰς
337 4660 415 4718 πηλόν
431 4676 489 4709 τινα
506 4659 703 4722 κατορύττουσιν
721 4655 746 4708 iu
760 4656 850 4708 “natan
867 4658 948 4731 sqq.).

332 4749 474 4816 Praeterea,
492 4765 650 4815 quamquam
665 4749 805 4816 diligenter
815 4750 1005 4800 numantiae
1015 4749 1141 4800 Βοοιιιιπ
1149 4751 1259 4818 rogavit,
1269 4759 1298 4802 ut
1306 4750 1420 4802 mitteret
