3724 5576
970 657 1015 708 22

426 833 606 908 sermonis
616 829 643 931 ¹)
671 832 829 907 sormam
867 830 1045 922 adhibuit,
1078 855 1208 904 verum
1237 830 1349 905 etiam
1377 829 1559 905 eiusmodi

428 956 619 1047 sermonis,
645 955 680 1028 in
696 980 773 1051 quo
787 954 868 1052 ipse
882 953 1035 1028 omnino
1049 952 1207 1050 loquens
1222 978 1296 1026 non
1311 952 1557 1046 induceretur,

427 1080 540 1151 immo
567 1078 630 1151 vix
666 1093 704 1151 et
731 1102 807 1151 non
835 1076 903 1149 nisi
929 1078 962 1154 ἐν
991 1075 1125 1178 παρόδῳ
1154 1090 1518 1150 commemoraretur.
1531 1072 1558 1172 ⁹)

428 1201 560 1297 ltaque
588 1225 671 1273 cum
693 1199 729 1272 in
751 1199 864 1297 ipsius
886 1198 1060 1295 operibus
1081 1213 1162 1271 tota
1185 1198 1386 1295 disputatio
1410 1199 1458 1272 de
1480 1199 1558 1273 eius

427 1323 595 1396 doctrina
617 1322 664 1396 sit
687 1320 854 1411 aliorum,
864 1316 891 1417 ³)
906 1345 1027 1417 neque
1042 1320 1269 1411 indicaverit,
1285 1321 1387 1394 euius
1401 1346 1465 1394 ore
1480 1321 1558 1419 ipse

427 1444 601 1543 loquatur
624 1460 688 1518 aut
706 1469 820 1541 quem
835 1468 940 1516 suam
956 1442 1069 1540 ipsius
1083 1442 1306 1517 sententiam
1321 1443 1558 1540 profitentem

427 1567 625 1665 inducat‚⁴)
650 1566 928 1665 quaeritur,
949 1565 1028 1662 qui
1045 1565 1405 1664 Pnn‘ronrspartes
1426 1567 1558 1640 susti·

428 1716 542 1765 nere
577 1690 784 1786 eiusque
818 1687 1095 1761 doctrinam
1133 1688 1312 1762 docere
1349 1688 1558 1786 putandi

429 1813 537 1886 sint.
565 1811 607 1884 ld
628 1810 729 1909 quod
745 1809 924 1884 difficilius
939 1810 1121 1883 interdum
1137 1827 1194 1884 est
1207 1811 1256 1884 ad
1271 1810 1558 1903 diiudicandum,

429 1960 512 2008 curn
551 1959 597 2007 ne
634 1933 827 2007 Socnnrns
864 1933 1014 2030 quidem
1049 1943 1193 2030 semper
1227 1933 1391 2007 Platonis
1425 1932 1560 2007 reserat

430 2057 655 2155 opinionem,
694 2057 830 2130 nedum
868 2056 925 2130 hic
963 2054 1073 2130 solus.
1086 2053 1113 2153 ⁶)
1152 2055 1248 2130 Utut
1275 2072 1343 2148 est,
1373 2057 1445 2130 hoc
1472 2057 1559 2130 milri

476 2277 502 2339 1)
521 2271 561 2322 ef.
580 2272 684 2321 LAERT.
710 2270 792 2319 D10G.
812 2269 862 2335 111,
880 2267 929 2331 48:
952 2271 1010 2319 ’ίσπι
1033 2268 1061 2320 di
1082 2267 1201 2334 διάλογος
1224 2271 1301 2334 λίγος
1319 2268 1346 2337 ἓξ
1365 2268 1505 2332 ἰραπιὶσιιις
1522 2271 1564 2322 καὶ

427 2357 579 2418 ἀποκρίσεως
596 2354 758 2418 συγκείμενος
776 2359 832 2416 πυρί
847 2370 913 2411 τινος
929 2357 979 2402 τῶν
995 2351 1213 2416 φιλοσοφουμένων
1227 2352 1271 2402 καί
1286 2359 1420 2403 πολιτικῶν
1434 2355 1503 2414 μετὰ
1517 2357 1564 2414 elle

427 2437 566 2502 πρεπούσης
584 2435 708 2496 ἠθοποιίας
725 2440 775 2484 τΐιν
792 2433 1054 2498 παραλαμβανομένων
1071 2433 1206 2498 προσῶπων
1223 2435 1264 2485 καί
1281 2437 1328 2494 τῆς
1346 2437 1414 2486 mit
1431 2435 1476 2494 erit
1495 2436 1562 2503 λίξιν

427 2522 594 2577 κατασκευῆς.

474 2604 502 2671 2)
522 2603 563 2655 Cf.
588 2604 686 2654 Gnonrr
711 2614 766 2652 vnn
790 2603 973 2668 Pnnsnnm,
996 2617 1020 2652 o.
1039 2600 1058 2651 l.
1083 2617 1143 2668 pag.
1166 2602 1228 2653 128:
1249 2603 1338 2667 „Plato
1358 2604 1437 2670 enim,
1456 2606 1500 2670 qui
1520 2606 1559 2655 sni

427 2692 588 2741 mentionem
608 2690 735 2740 rarissime
755 2697 781 2739 et
800 2704 855 2738 non
874 2687 925 2738 nisi
943 2689 1029 2738 obiter
1047 2687 1093 2754 (cl.
1112 2689 1191 2754 Apol.
1212 2690 1283 2740 Socr.
1304 2706 1330 2756 p.
1349 2701 1383 2753 34
1394 2690 1427 2756 A,
1443 2706 1470 2756 p.
1486 2690 1520 2755 38
1529 2692 1559 2742 B.

428 2778 560 2834 Phaedon.
586 2793 612 2842 p.
634 2787 666 2841 59
677 2776 709 2842 B)
733 2775 810 2842 fecit3
835 2783 905 2825 certe
920 2791 1048 2840 nusquam
1064 2782 1103 2825 est
1118 2777 1146 2826 in
1162 2777 1215 2826 suis
1230 2777 1287 2842 ipse
1302 2777 1377 2828 libris
1393 2793 1439 2828 suo
1455 2778 1560 2828 nomine

427 2865 529 2916 locutus
547 2864 696 2934 (Wyttenb.
716 2863 813 2926 Opusc.
833 2862 869 2928 11,
887 2861 933 2929 29)
943 2897 950 2911 .
961 2898 968 2911 .
979 2897 985 2910 .
997 2860 1022 2910 .'’

472 2953 628 3016 Hermu,
644 2949 697 2999 o.l.
717 2965 776 3014 pag.
795 2961 844 3011 49:
871 2947 983 3012 „Plato's
1007 2964 1089 3013 ganne
1113 2949 1384 3016 Einkleidungsweise
1407 2952 1493 3001 seiner
1510 2951 1561 3003 Ge·

428 3037 546 3102 sprilche‚
564 3036 607 3086 bei
627 3035 738 3086 welcher
756 3034 829 3084 nicht
848 3050 897 3084 nur
916 3034 967 3084 elle
986 3035 1136 3101 Beziehung
1154 3035 1201 3086 eui
1216 3037 1259 3086 die
1278 3038 1375 3088 Person
1394 3037 1440 3088 des
1460 3038 1562 3089 Versae·

429 3140 482 3175 sers
497 3123 622 3189 wegrellt,
637 3121 751 3172 sondern
760 3121 826 3171 auch
836 3119 886 3170 alle
897 3121 1034 3171 einzelnen
1044 3123 1114 3186 Zilge
1124 3123 1263 3173 antedntirt
1273 3124 1376 3173 werden
1386 3129 1489 3174 mltssen
1501 3161 1507 3174 .
1518 3161 1524 3174 .
1536 3123 1561 3174 .”

472 3227 532 3277 pag.
553 3222 585 3273 33
596 3223 650 3274 sq.:
671 3209 768 3274 „Diese
786 3209 958 3258 interessante
977 3207 1058 3257 Stelle
1077 3207 1193 3274 [Phaedo
1213 3209 1287 3277 5913]
1307 3211 1342 3260 ist
1356 3211 1479 3277 ttbrigens
1495 3213 1561 3264 auch

428 3299 472 3348 die
497 3298 597 3362 einzige
621 3295 648 3345 in
673 3295 743 3346 allen
768 3295 937 3360 Gesprttchen
962 3294 1068 3360 Plato’s,
1086 3310 1127 3344 wo
1146 3296 1231 3346 dieser
1250 3297 1332 3348 selbst
1351 3298 1406 3348 sich
1423 3305 1500 3349 unter
1517 3299 1562 3350 So·

428 3386 514 3436 kretes
539 3384 653 3434 naheren
678 3382 818 3434 Freunden
836 3387 953 3448 genennt
973 3382 1027 3446 hat,
1046 3397 1123 3432 avenn
1141 3383 1229 3448 gleich
1247 3384 1293 3434 aui
1308 3385 1367 3435 eine
1387 3387 1444 3452 Art,
1461 3401 1562 3436 woreus

429 3473 476 3523 wir
499 3472 567 3522 eben
592 3487 640 3520 nur
665 3470 740 3536 sehn,
765 3469 814 3518 wie
838 3469 1026 3534 gellissentlich
1051 3485 1080 3518 er
1102 3485 1130 3520 es
1149 3471 1300 3536 vermeidet‚
1319 3473 1362 3522 bei
1380 3472 1473 3537 irgend
1490 3473 1563 3523 einer

428 3561 475 3609 der
498 3557 724 3622 Unterredungen‚
750 3556 793 3604 die
817 3571 845 3604 er
869 3555 967 3605 seinem
991 3556 1090 3606 Lehrer
1108 3556 1135 3606 in
1155 3557 1206 3606 den
1226 3557 1563 3624 Mundlegt,als1²erson

428 3646 492 3697 oder
515 3644 582 3695 auch
606 3659 655 3693 nur
679 3643 717 3694 als
742 3642 881 3693 anwesend
902 3659 934 3692 zu
953 3642 1114 3709 etenheim,
1133 3659 1162 3692 so
1179 3643 1239 3693 dass
1257 3645 1303 3693 wir
1321 3644 1414 3694 mithio
1434 3645 1500 3694 auch
1517 3661 1564 3695 eus

430 3733 528 3783 seinem
552 3732 662 3798 eigenen
689 3730 789 3779 Munde
813 3731 959 3794 vergebens
977 3730 1044 3780 nach
1063 3730 1177 3780 naheren
1197 3730 1373 3780 Nachrichten
1392 3732 1455 3781 liber
1474 3731 1564 3781 seinen

429 3821 549 3885 Umgang
566 3818 613 3868 mit
629 3817 716 3882 jenem
735 3816 856 3866 lorschen
867 3852 945 3866 .....
962 3817 1017 3866 Nur
1036 3817 1095 3866 dass
1113 3832 1141 3867 er
1158 3816 1202 3867 bei
1221 3816 1342 3867 Sokretes
1361 3817 1565 3883 Verunheilung

430 3921 544 3972 eugegen
571 3919 622 3952 war
646 3903 701 3953 und
724 3903 780 3952 sich
807 3903 884 3952 nebst
908 3903 1006 3952 andern
1029 3918 1086 3952 zum
1112 3903 1215 3968 Biirgen
1233 3905 1324 3968 embol,
1342 3919 1419 3954 wenn
1437 3911 1503 3954 etna
1520 3903 1564 3954 die

430 3992 538 4043 Richter
561 3989 617 4040 sich
641 3990 689 4039 mit
714 3990 786 4039 einer
810 3989 958 4039 Geldstrale
983 3990 1071 4040 hlitten
1097 3991 1236 4055 begniigen
1263 3989 1368 4056 wollen²
1389 3999 1445 4054 sagt
1470 4007 1497 4040 er
1515 4005 1564 4040 uns

430 4079 499 4129 noch
517 4078 545 4127 in
564 4077 610 4126 der
626 4076 919 4143 Vertheidigungsrede,
934 4075 976 4125 die
993 4092 1020 4126 er
1036 4076 1170 4126 nachmals
1185 4077 1221 4126 im
1237 4076 1326 4126 Geiste
1342 4077 1428 4128 seines
1444 4077 1564 4128 Meisters

430 4166 470 4216 sdr
489 4165 579 4215 diesen
599 4163 768 4228 geschrieben
787 4163 833 4212 hat
844 4199 850 4212 .
861 4199 867 4212 .
879 4161 903 4211 .'‘

475 4250 503 4316 3)
529 4249 779 4300 Commemoratione
804 4249 912 4314 dignum
938 4248 1002 4298 mihi
1025 4249 1135 4316 videtur,
1160 4250 1188 4300 in
1215 4249 1257 4300 his
1281 4249 1398 4300 Platonis
1421 4249 1564 4316 discipulos

432 4353 486 4387 non
505 4337 625 4388 inveniri.

475 4424 504 4491 4)
524 4425 555 4473 Id
574 4423 646 4488 quod
665 4437 688 4472 e.
707 4439 732 4488 g.
752 4423 857 4472 thrteo
875 4422 937 4473 iecit
956 4423 984 4472 in
1003 4423 1102 4473 Laelio.

477 4510 504 4577 5)
523 4511 563 4560 Cf.
579 4512 682 4560 LARRT.
698 4510 780 4559 Dtoo.
798 4511 848 4575 111,
859 4518 907 4574 52:
922 4510 965 4562 nat
980 4511 1035 4574 wi
1048 4512 1093 4573 μὲν
1108 4517 1157 4562 τῶν
1173 4511 1242 4577 αυτῷ
1255 4511 1390 4564 δοκούντων
1399 4513 1566 4578 ἀποφαίνεται

430 4593 471 4645 διὰ
494 4592 620 4656 τεττάρων
644 4592 786 4658 προσώπων,
808 4592 958 4657 Σωκράτους,
980 4596 1096 4656 Τιμαίου,
1118 4598 1164 4644 τοῦ
1181 4594 1309 4656 ’λίνιναίου
1326 4595 1403 4666 ξίνου,
1418 4599 1465 4648 τοῦ
1483 4595 1569 4647 Ἐλαί-

431 4692 477 4726 του
496 4674 572 4744 ξίνου.
