3698 5574
770 681 838 755 Ι57

232 857 281 930 de
304 857 512 930 animorum
536 875 622 956 post
646 873 805 930 mortem
829 873 928 930 statu
947 882 991 931 ac
1005 857 1221 933 condicione
1237 857 1363 957 legun-

232 995 303 1070 tur,
313 976 340 1076 ¹)
369 980 613 1054 conferenda:
643 1005 717 1077 qua
746 981 889 1054 ratione
918 979 1024 1053 simul
1047 981 1281 1078 perspicuum
1310 980 1361 1072 fit,

232 1128 297 1176 cur
334 1103 454 1175 minus
491 1127 696 1199 congruere
730 1102 926 1176 videantur
959 1103 1051 1176 haec
1084 1128 1167 1176 cum
1197 1105 1238 1177 iis
1266 1129 1364 1201 quae

233 1225 269 1300 in
300 1223 493 1323 Apologia
524 1226 573 1298 de
601 1225 756 1322 Orpheo
784 1226 885 1321 apud
913 1224 1049 1298 inferos
1076 1243 1251 1300 versante
1278 1227 1365 1300 dicit

235 1345 412 1443 Pnnro‚²)
438 1347 579 1445 Utique
607 1372 705 1444 quae
733 1348 781 1420 de
805 1347 947 1443 Orphei
970 1346 1183 1445 Thamyrae
1206 1348 1364 1422 aliorum

230 1624 296 1690 qnid
315 1624 379 1674 meri
396 1631 502 1673 ornatus
521 1624 603 1688 gratia
621 1622 776 1686 adhibitum,
794 1637 848 1670 non
866 1621 943 1672 facile
961 1621 1125 1672 diiudicatur.
1142 1623 1182 1672 Cf.
1196 1622 1312 1673 Sancta.
1331 1623 1365 1674 nd

231 1711 302 1777 Rep.
321 1709 344 1758 X
364 1709 457 1772 614B.

280 1797 307 1864 ι)
327 1795 367 1846 ef.
392 1795 524 1846 Phaedon.
550 1793 616 1844 81E
635 1810 705 1860 sqq,
723 1810 882 1859 quamquam
900 1795 1058 1845 contendere
1077 1811 1131 1845 non
1150 1797 1241 1862 ausim,
1261 1811 1368 1860 prorsus

230 1883 297 1932 haec
316 1882 407 1932 eadem
425 1898 489 1932 esse.

278 1969 308 2036 2)
327 1968 407 2034 Apol.
436 1969 503 2031 40E
528 1983 588 2032 sqq.
621 1967 687 2016 Vide
718 1983 804 2032 snpra,
836 1983 895 2032 pag.
929 1979 986 2031 133.
1015 1967 1135 2018 Ceterum
1161 1967 1231 2032 quod
1258 1971 1370 2036 Rorrnn,
1398 1985 1401 1991 ·

232 2057 344 2122 Psyche,
368 2072 427 2122 pag.
453 2065 514 2122 555,
536 2063 625 2104 cenam
644 2055 792 2120 Apologiae
808 2054 956 2104 socnnrnn
972 2063 1041 2105 certa
1058 2055 1090 2104 de
1106 2055 1298 2106 immortalitate
1315 2057 1369 2106 ani-

230 2160 334 2194 morum
353 2159 494 2209 eorumque
513 2151 574 2208 post
588 2150 696 2191 mortem
711 2143 766 2191 vita
781 2157 866 2192 carere
882 2142 1018 2208 opinione,
1032 2142 1101 2192 haud
1117 2142 1170 2192 scio
1184 2159 1271 2192 annon
1283 2159 1314 2192 ex
1326 2144 1370 2192 hoc

233 2231 343 2296 quidem
362 2231 421 2280 loco
436 2237 570 2296 appareat.
586 2229 653 2279 Nam
670 2229 741 2294 qnod
755 2229 893 2278 Socntmss
902 2228 965 2278 duas
975 2229 1018 2278 hic
1028 2229 1110 2279 varias
1120 2239 1302 2280 commemorat
1312 2247 1371 2281 sen·

235 2317 331 2367 tentius
351 2315 465 2383 [Ronnn
488 2316 540 2366 l.l.:
561 2315 725 2380 ,Entweder,
743 2315 823 2364 meint
843 2331 879 2380 er,
896 2315 988 2380 bringe
1007 2315 1054 2365 der
1071 2316 1128 2364 Tod
1147 2316 1205 2366 dem
1225 2317 1370 2367 Menschen

231 2403 305 2453 nolle
326 2403 578 2468 Bewusstlosiglreit,
594 2402 643 2451 wie
658 2402 701 2451 ein
717 2401 868 2451 traumloser
884 2401 981 2468 Schlat,
997 2402 1060 2451 oder
1071 2403 1149 2451 einen
1159 2403 1315 2469 Uebergang
1325 2404 1370 2453 der

232 2490 310 2541 Seele
328 2491 356 2539 in
375 2491 417 2540 ein
437 2489 546 2539 anderes
566 2489 665 2554 Leben,
684 2488 711 2537 in
729 2488 790 2537 dem
809 2488 1000 2554 Seelenreiche,
1015 2488 1060 2538 das
1076 2489 1143 2538 nach
1159 2490 1250 2539 seinen
1263 2491 1368 2540 Andeu·

233 2586 335 2642 tnngen
363 2577 411 2626 mit
438 2576 498 2626 dem
522 2574 704 2624 homerischen
729 2574 818 2624 Hades
842 2575 903 2624 weit
927 2574 1000 2624 mehr
1025 2575 1211 2625 Aehnlichkeit
1236 2593 1266 2626 zu
1284 2577 1371 2626 haben

232 2663 337 2714 scheint
361 2663 400 2712 als
425 2664 472 2712 mit
496 2663 547 2712 den
573 2661 781 2712 schimmernden
808 2661 1055 2711 Phantasiellindern
1078 2663 1124 2712 der
1142 2662 1296 2728 Theologen
1315 2663 1369 2712 und

234 2749 477 2814 theologisirenden
502 2749 619 2798 Dichter.
645 2748 726 2797 Belde
751 2747 958 2812 Mdglichkeiten
978 2749 1070 2798 nimmt
1088 2765 1117 2798 er
1135 2757 1232 2815 getrost
1250 2751 1307 2816 hin,
1325 2751 1372 2799 aui

233 2837 278 2886 die
305 2835 501 2900 Gerechtiglreit
527 2835 572 2885 der
596 2834 745 2884 waltenden
770 2835 863 2884 Gdtter
888 2835 1000 2900 bauend,
1024 2835 1078 2884 und
1103 2835 1186 2885 bliclrt
1210 2836 1283 2886 nicht
1302 2836 1369 2886 nach

233 2923 367 2974 welterem
383 2938 438 2972 ans.
454 2923 512 2971 Wie
529 2922 605 2971 sollte
618 2937 646 2970 er
656 2921 741 2970 sicher
749 2922 853 2988 nissen,
863 2937 915 2970 was
925 2922 1055 2972 Niemand
1065 2923 1139 2972 weiss
1147 2921 1194 2989 l’'],
1204 2922 1231 2972 id
1241 2923 1305 2972 mihi
1315 2939 1369 2973 non

232 3009 382 3060 necessario
406 3009 509 3058 videtur
533 3023 590 3058 esse
607 3007 762 3074 dubitantis,
781 3008 828 3058 sed
846 3008 934 3073 potius
952 3009 1008 3058 eins
1027 3009 1073 3074 qni
1092 3009 1180 3058 omnia
1198 3025 1371 3075 quaecunque

234 3097 291 3146 fieri
316 3095 359 3144 vel
384 3095 494 3158 cogitari
514 3101 636 3159 possunt,
661 3109 785 3158 prospere
811 3094 861 3144 sibi
889 3101 1012 3144 eventura
1036 3111 1093 3145 esse
1117 3095 1238 3145 confidat.
1267 3096 1372 3146 Scilicet

234 3182 370 3248 Apologia
391 3189 431 3230 est
449 3181 544 3246 oratio,
562 3195 616 3230 non
634 3180 718 3244 ipsius
738 3181 850 3230 auctoris
869 3180 1043 3230 doctrinarum
1061 3181 1275 3246 exponendarum
1293 3198 1370 3232 cansa

233 3270 341 3334 scripta,
359 3268 405 3317 sed
422 3275 451 3316 nt
470 3267 527 3316 aliis
544 3267 754 3332 persuaderetur,
771 3267 842 3331 quod
858 3277 886 3316 ut
901 3267 993 3317 melius
1003 3267 1056 3334 fiat,
1064 3269 1097 3318 ab
1107 3268 1216 3318 aliorum
1227 3269 1369 3334 opionibus

233 3371 315 3421 saepe
340 3363 380 3404 est
404 3353 633 3420 proficiscendum:
654 3354 742 3418 itaque
761 3369 820 3403 cum
838 3354 903 3404 duae
923 3356 1086 3420 potissimum
1102 3356 1134 3406 de
1150 3357 1293 3406 animorum
1310 3365 1370 3421 post

233 3451 344 3492 mortem
369 3449 437 3492 statn
462 3449 625 3491 occurrerent
650 3449 675 3490 et
700 3455 832 3490 occurrere
858 3449 965 3506 possent
989 3443 1139 3510 opiniones,
1163 3459 1272 3509 quamm
1289 3444 1370 3495 altera

234 3538 314 3596 esset,
334 3530 406 3579 velut
425 3529 453 3578 in
472 3529 583 3578 nihilum
602 3529 735 3578 interitum
754 3543 810 3578 esse
830 3536 947 3594 mortem,
966 3537 994 3579 ut
1013 3546 1046 3580 ne
1065 3531 1147 3580 ullum
1166 3532 1272 3597 quidem
1292 3532 1370 3582 ullius

234 3617 273 3666 rei
299 3631 403 3666 sensum
428 3616 550 3665 retineret
575 3623 690 3664 mortuns
714 3614 757 3680 [cs.
781 3614 912 3665 Phaedon.
934 3617 1014 3678 70A:
1038 3616 1073 3664 τα
1097 3612 1124 3664 dl
1145 3615 1199 3678 περὶ
1218 3618 1265 3672 τῆς
1281 3614 1370 3678 ψυχῆς

233 3699 332 3756 πολλὴν
354 3699 477 3748 ἀπιστίαν
494 3697 602 3761 παρέχον
619 3701 674 3756 *soie
689 3697 829 3760 ἀνθρώποις,
845 3697 888 3759 μή,
904 3695 1005 3749 ἐπειδὰν
1022 3699 1163 3766 ἀπαλλαγῇ
1181 3706 1227 3752 τοῦ
1244 3701 1371 3764 canavae.

236 3779 382 3842 σοδαμοῦ
403 3780 443 3830 ’ὅτι
462 3776 484 3844 ᾗ,
500 3780 561 3830 ἀλλ’
580 3779 659 3842 ἐκείνῃ
676 3783 708 3844 τῇ
725 3778 804 3846 ἡμένα
821 3778 995 3843 δοαφθοίρνταί
1008 3798 1038 3830 το
1051 3782 1094 3832 καὶ
1107 3782 1277 3842 ατολλόννταν,
1292 3783 1305 3848 ᾖ
1320 3785 1372 3835 avt

234 3863 358 3926 ἅνθρωπος
372 3861 528 3926 hadrianis·
544 3860 614 3920 stote
628 3861 846 3922 ἀπαλλαττομένη
864 3865 910 3912 τοῦ
929 3861 1047 3924 σώματος
1063 3865 1106 3914 καὶ
1124 3863 1276 3928 ίαβαίνονσα
1292 3867 1374 3930 ὅσοι-ορ

234 3949 333 4006 πνεῦμα
350 3947 364 4004 ll
383 3946 474 4000 eumd:
492 3943 701 3995 διασκεδασθεῖσα
719 3943 823 4007 &imvm
841 3942 995 4006 διαττομίνν
1014 3946 1057 3995 καὶ
1070 3945 1162 3997 nidis
1175 3949 1215 3997 'tre
1230 3948 1374 4011 οὐδαμοῦ

233 4023 256 4091 ὗ,
282 4032 311 4081 id
334 4030 407 4096 quod
426 4029 546 4096 plerique
566 4030 702 4080 dicebant:
723 4030 819 4080 Phaed.
839 4029 924 4079 8oD:
945 4026 977 4085 tle
992 4035 1070 4091 φασιν
1088 4031 1114 4078 οἱ
1128 4030 1220 4080 πολλοὶ
1237 4030 1376 4099 liniferae}

233 4119 324 4184 altera,
341 4118 570 4168 commutationem
589 4117 720 4188 quandem
738 4132 794 4166 esse
810 4123 918 4166 mortem
934 4123 960 4166 et
977 4119 1215 4183 peregrinationem
1231 4122 1311 4171 animi
1323 4122 1371 4172 hac

235 4222 267 4256 ex
283 4205 345 4256 sede
360 4205 388 4253 in
401 4205 478 4254 aliam
488 4205 576 4254 sedem
587 4203 633 4271 [40
643 4203 686 4270 C],
697 4204 729 4253 de
739 4211 847 4268 utraque
856 4203 911 4268 agit
921 4203 1060 4255 Socanrrrs
1070 4215 1096 4256 et
1107 4209 1253 4268 contendit,
1263 4217 1372 4259 mortem

235 4293 295 4358 sibi,
314 4299 475 4356 utracunque
494 4291 527 4340 sit
546 4307 615 4356 vera,
634 4291 732 4340 lncrnm
751 4290 814 4340 fore.
832 4291 867 4339 At
882 4305 941 4340 cnm
956 4291 1047 4341 harum
1057 4294 1214 4358 opinionum
1224 4297 1372 4346 alterutram

235 4394 322 4430 veram
346 4394 402 4428 esse
425 4394 519 4428 necesse
540 4378 586 4442 sit,
608 4393 656 4427 nec
681 4377 732 4426 alia
756 4378 869 4442 cogitari
885 4379 979 4444 possit,
999 4381 1125 4446 seqnitur,
1144 4391 1172 4431 ut
1189 4389 1287 4448 semper
1304 4384 1373 4432 bene

233 4481 294 4516 cnm
311 4465 371 4529 ipso
390 4473 474 4514 actum
493 4463 525 4512 iri
543 4465 598 4512 veri
616 4463 701 4514 simile
721 4464 768 4513 sit:
788 4479 842 4512 non
861 4463 894 4513 ad
910 4479 981 4514 snam
998 4465 1082 4530 ipsius
1098 4477 1202 4518 revocat
1218 4470 1374 4518 sententiam

235 4553 384 4616 Socurns,
408 4551 507 4616 qnippe
527 4565 593 4615 qnae
612 4551 677 4600 alios
696 4566 748 4600 non
767 4550 949 4617 convinceret,
970 4552 1015 4601 sed
1034 4563 1138 4604 revocat
1157 4555 1189 4604 nd
1209 4571 1297 4604 eorum
1317 4555 1373 4620 opi·

236 4639 340 4701 ninnes,
358 4637 405 4702 qni
424 4652 481 4686 enm
500 4636 650 4702 audiebant,
665 4651 836 4700 quaecunque
852 4637 961 4700 cogitari
978 4646 1112 4701 poterant:
1129 4635 1195 4686 δυοῖν
1210 4639 1259 4700 γαν
1274 4635 1374 4699 θάτερόν

236 4719 307 4771 ἔστιν
324 4723 354 4770 τὸ
370 4719 496 4769 τεθνάναι·
514 4719 529 4777 ἢ
545 4720 595 4782 γαρ
613 4715 661 4768 οἷον
680 4717 755 4779 μηδὲν
773 4716 834 4769 εἶναι
849 4717 911 4779 randi
926 4717 1040 4776 dictum
1055 4721 1179 4785 μηδεμίαν
1189 4721 1374 4788 laudisonum
