3698 5574
927 737 999 786 212

921 927 1007 1002 XII.

449 1127 604 1200 Pinuor.
630 1152 691 1224 ap.
718 1127 839 1202 Crun.
870 1127 1007 1202 Strom.
1034 1128 1100 1219 III,
1131 1147 1188 1222 17,
1214 1154 1250 1225 p.
1280 1131 1354 1222 518
1380 1127 1526 1224 (Dum,

397 1249 457 1322 Fr.
497 1249 533 1322 d.
572 1249 681 1323 Vors.
721 1275 807 1348 pag.
847 1273 933 1345 255,
963 1250 1005 1324 Ir.
1042 1253 1120 1347 14):
1150 1250 1381 1355 μαρτνρέσνται
1409 1249 1528 1328 δὲκαὶ

394 1375 424 1448 σι’
459 1374 592 1450 παλαιοὶ
631 1372 771 1475 θεολόγοι
808 1403 839 1450 τε
873 1379 930 1450 καὶ
960 1371 1102 1476 μάντεις,
1132 1378 1176 1463 ὡς
1203 1370 1261 1450 διά
1287 1405 1377 1464 τινας
1406 1367 1527 1473 [trucci]

394 1500 548 1598 τιμωρίας
585 1497 607 1570 οἱ
645 1489 737 1598 ψυχά
764 1509 820 1571 τῶι
848 1492 974 1596 σώματι
1004 1495 1209 1590 συνέζευκται
1238 1497 1295 1572 καὶ
1324 1491 1468 1598 καθάπερ
1495 1496 1527 1569 ἐν

396 1619 519 1717 σάματι
547 1612 658 1693 τσὺτωι
684 1617 847 1693 τέθαπται.
879 1616 1030 1714 Orphici
1058 1631 1245 1691 notantur.

910 1859 1016 1934 XIII.

450 2055 644 2130 Anscnru.
676 2055 871 2130 Eumenid.
901 2081 974 2130 vss.
1011 2077 1082 2150 174
1098 2083 1180 2154 sqq.
1211 2057 1284 2155 (ed.
1316 2057 1510 2152 Wucnu.):

475 2178 578 2282 κάμοί
602 2210 639 2281 γε
669 2178 786 2283 λυπρὸς
815 2186 871 2255 καὶ
899 2178 952 2255 τὸν
981 2175 1040 2256 σιίκ
1068 2175 1246 2270 ἐκλύσεται,

475 2301 534 2378 ὑπό
562 2333 594 2377 τε
622 2311 686 2403 γᾶν
714 2297 824 2402 φυγὼν

475 2417 513 2500 οὔ
539 2422 608 2501 ποτ’
639 2425 865 2527 ἐλευθεροῦται,

474 2577 544 2623 πστι
571 2575 720 2648 τροπαισς
747 2543 780 2620 d'
810 2545 852 2620 ὢν
884 2540 1045 2646 [Ponson
1073 2546 1116 2623 ὢν
1144 2543 1189 2648 δ’]
1220 2541 1319 2650 ἕτερον
1350 2547 1381 2623 ἐν
1411 2541 1498 2650 κάρᾳ

474 2665 623 2770 μιάστορ’
653 2669 770 2744 ἐκείνου
799 2662 995 2763 πα(ὑ)σεται.

397 2791 462 2864 Vs.
499 2795 569 2884 178
599 2789 759 2863 conicio:
788 2787 936 2894 μιάστορ’
966 2786 1050 2893 ἔχειν
1079 2785 1115 2867 σύ
1145 2786 1313 2869 παύσεται.

938 3018 1041 3092 XIV.

452 3216 633 3289 Cicunon.
672 3240 731 3312 ep.
771 3216 820 3288 ad
849 3213 930 3288 Att.
962 3214 991 3305 Ι,
1026 3239 1084 3308 13,
1115 3239 1154 3307 4:
1184 3215 1288 3288 Tuus
1316 3230 1443 3288 autem
1471 3213 1532 3289 ille

397 3339 537 3411 amicus
565 3337 668 3434 (scin,
698 3362 810 3434 quem
839 3337 1002 3434 dicami),
1032 3337 1178 3433 dequo
1203 3353 1241 3410 tu
1267 3338 1316 3411 ad
1340 3363 1401 3411 me
1424 3339 1532 3434 scrip·

399 3461 487 3550 sisti,
511 3475 645 3557 postea
669 3484 781 3556 quam
807 3483 881 3531 non
905 3460 1061 3533 auderet
1079 3460 1364 3556 reprehendere,
1380 3458 1532 3534 laudare

398 3584 577 3681 coepisse,
607 3608 688 3673 nos
717 3599 758 3656 ut
786 3582 960 3672 ostendit,
989 3583 1194 3655 admodum
1218 3581 1347 3681 diligit,
1372 3581 1532 3680 amplec-

398 3707 495 3797 titur,
530 3721 642 3796 amat,
672 3719 801 3802 aperte
830 3702 970 3794 laudat,
1001 3702 1156 3796 occulte,
1186 3707 1264 3796 sed,
1294 3706 1356 3796 ita,
1386 3722 1426 3780 ut
1453 3732 1532 3803 per-

398 3830 564 3926 spicuum
593 3829 650 3919 sit,
679 3828 830 3902 invidet.

454 3951 535 4025 Nec
551 3949 749 4048 Pompeius
767 3974 836 4023 nec
852 3949 1021 4039 CrassuS,
1037 3950 1104 4022 sed
1121 3949 1344 4024 Hortensius
1359 3951 1529 4048 carpitur.

926 4178 1011 4252 XV.

451 4377 625 4450 Tnucrn.
667 4375 807 4449 Histor.
847 4373 912 4464 VI,
953 4379 1014 4467 36,
1056 4400 1074 4447 2
1116 4374 1188 4470 (ed.
1230 4373 1377 4472 Hunu):
1411 4379 1441 4452 σι’
1468 4371 1533 4480 γάρ

399 4499 538 4590 δεδιότες
562 4501 628 4602 ι’δίᾳ
652 4530 680 4575 τι
704 4493 878 4602 βούλονται
900 4497 959 4582 τὴν
983 4497 1074 4573 πάλιν
1099 4499 1130 4587 ἐς
1153 4493 1306 4588 ἔκπληξιν
1326 4495 1533 4600 καθιστάναι,

400 4621 483 4714 ὅπως
511 4637 555 4729 τῷ
584 4636 680 4728 κοινῷ
708 4621 796 4725 φόβῳ
825 4623 868 4696 τὸ
896 4621 1038 4724 σφέτερον
1068 4617 1345 4722 ἐπηλυγάζωυται.

454 4743 577 4842 Lege:
606 4744 676 4820 cdv
705 4743 858 4847 σφέτερον.
