3654 5564
771 715 842 787 1¹3

241 888 414 978 efficiens,
453 887 530 962 lieri
568 912 642 961 non
675 887 922 984 potuisse,
952 902 993 960 ut
1019 886 1068 961 de
1095 888 1227 962 horum
1256 887 1371 986 philo·

242 1009 374 1108 sophia
401 1025 632 1106 compertum
662 1009 860 1105 quicquam
890 1009 1060 1083 habuerit
1088 1010 1226 1082 Panno,
1239 1006 1265 1107 ¹)

292 1133 408 1205 Porro
437 1128 615 1205 difficilius
638 1157 753 1229 saepe
775 1148 834 1205 est
848 1131 1020 1222 indicare,
1037 1157 1218 1228 quasnam
1238 1148 1372 1230 gentes

239 1255 338 1328 dicat
362 1254 501 1344 prmo,
526 1254 573 1327 de
596 1253 764 1328 barbaris
787 1252 972 1328 nonnullis
995 1279 1125 1353 agens.
1143 1255 1371 1328 Posteriores

239 1402 330 1450 sane
367 1401 634 1473 nonnunquam
662 1391 827 1450 statuere
856 1376 927 1450 hoc
955 1377 1077 1451 conati
1106 1393 1202 1467 sunt,
1232 1377 1297 1450 sed
1322 1377 1372 1448 in·

241 1515 381 1573 certum
410 1513 478 1588 est,
508 1523 606 1594 quae
634 1523 724 1572 vera
752 1515 912 1589 narrent,
942 1523 1040 1597 quae
1063 1499 1332 1573 commenticia.
1344 1496 1372 1596 ⁹)

296 1617 614 1694 Chaldaeoru
624 1647 661 1692 m
675 1621 893 1718 sapientiae,
909 1623 1095 1694 summisa
1106 1623 1371 1720 posterioribus

240 1741 416 1816 laudatae
443 1741 625 1835 laudibus,
650 1743 862 1817 testimonia
886 1769 960 1817 non
984 1745 1091 1818 affert
1116 1745 1254 1818 Pharo.
1266 1741 1293 1842 ³)

297 1866 357 1939 De
395 1863 665 1963 Aegyptiis
702 1864 818 1938 multa
846 1865 996 1963 quidem
1024 1882 1305 1956 commemorat,
1335 1884 1373 1941 et

241 2003 513 2061 commemorat
543 1987 607 2077 ita,
638 2003 679 2060 ut
706 2013 835 2061 earum
863 2014 998 2078 rerum,
1028 1989 1076 2062 de
1109 1990 1243 2085 quibus
1273 1968 1372 2079 dicit,

241 2111 391 2184 minime
428 2111 598 2208 ignarum
635 2137 719 2186 esse
747 2108 849 2184 illum
888 2127 1084 2209 appareat.
1096 2109 1124 2209 ⁴)
1162 2111 1237 2184 Sed
1275 2136 1373 2209 quae

244 2247 381 2323 narrat,
407 2231 456 2305 ad
481 2232 768 2330 philosophiam,
794 2259 907 2330 quam
935 2258 1005 2306 nos
1028 2233 1179 2330 quidem
1194 2232 1372 2324 dicamus,

242 2380 374 2454 parum
410 2353 645 2453 pertinent.⁵)
674 2356 795 2429 lmmo
825 2355 945 2454 Legg.
977 2355 1010 2426 II
1042 2362 1116 2450 657
1136 2353 1185 2447 A,
1214 2352 1373 2428 laudatis

290 2572 316 2638 1)
334 2571 386 2622 o.l.
412 2572 424 2620 l
452 2572 479 2620 1⁸
503 2585 564 2635 pag.
590 2580 637 2633 27:
663 2570 753 2632 „Plato
782 2569 864 2618 selbst
887 2568 985 2633 spricbt
1010 2569 1082 2618 seine
1105 2569 1233 2634 Meinung
1254 2583 1307 2618 von
1331 2568 1377 2618 der

243 2659 372 2709 Weisheit
400 2657 446 2707 der
478 2658 613 2721 Aegypter
646 2655 761 2705 deutlich
795 2671 882 2721 genug
914 2671 970 2721 aus,
1002 2671 1079 2705 aeon
1110 2671 1138 2704 er
1165 2655 1216 2706 den
1244 2656 1375 2705 Hellenen

243 2746 294 2796 den
320 2745 384 2795 Sinn
409 2744 450 2793 sur
475 2741 673 2807 wissenschait,
698 2742 748 2791 den
776 2743 927 2807 Aegyptem
949 2744 1056 2808 ebenso,
1075 2742 1123 2792 wie
1142 2743 1193 2792 den
1212 2742 1378 2808 Pbbniciern,

245 2832 288 2882 die
313 2832 394 2882 Liebe
418 2846 475 2879 zum
497 2829 604 2879 Erwerb
622 2828 660 2878 als
678 2828 913 2878 unterscheidende
932 2827 1202 2893 Eigeuthttmlicbkeit
1219 2829 1318 2894 beilegt
1327 2829 1377 2897 1)”;

243 2918 305 2968 adn.
324 2931 354 2967 2:
376 2917 460 2982 „Rep
480 2916 528 2982 IV,
545 2926 596 2980 435
609 2915 649 2964 E.
661 2952 667 2965 .
679 2913 731 2980 ..”,
749 2915 836 2965 collat.
856 2930 916 2980 pag.
933 2914 981 2978 38:
999 2916 1091 2980 ,Anch
1108 2916 1181 2965 Plato
1191 2915 1301 2983 kann(!)
1310 2917 1377 2966 nach

244 3006 331 3055 seiner
354 3003 441 3054 lriiher
465 2998 503 3069 (S.
525 3013 568 3068 27,
587 3001 615 3068 2)
640 3001 814 3066 angessthrten
840 3003 1006 3066 Aeusserung
1031 3002 1057 3051 in
1076 3002 1122 3051 der
1140 3001 1274 3067 Republilr
1293 3002 1379 3053 weder

246 3108 298 3142 von
318 3089 502 3157 phdnicischer
521 3089 590 3139 nocb
607 3104 659 3138 von
678 3088 845 3154 ttgyptischer
860 3087 1029 3154 Philosophie
1045 3097 1156 3154 gewusst
1172 3088 1284 3138 baben.”
1300 3088 1378 3155 (Cau-

245 3179 297 3228 tius
316 3178 423 3226 Zama
443 3175 495 3226 0.1.
514 3175 540 3225 11
562 3176 588 3224 1⁴
606 3191 665 3240 pag.
685 3188 736 3236 412
755 3181 782 3224 et
799 3174 860 3224 adn.
880 3173 916 3240 2).

292 3265 321 3331 2)
339 3263 391 3330 sic,
415 3271 444 3312 ut
466 3262 614 3328 exemplum
639 3261 751 3327 afferam,
775 3262 906 3311 Eusmttus
929 3260 1072 3310 identidem
1096 3261 1231 3311 Putamus
1248 3264 1327 3312 verba
1345 3263 1379 3314 ad

247 3352 384 3401 Hebraeos
408 3349 501 3399 referre
526 3357 647 3416 conatur3
666 3348 700 3398 cl.
718 3364 742 3398 e.
752 3364 777 3412 g.
797 3349 887 3413 Praep.
907 3347 1007 3412 Evang.
1028 3348 1075 3396 xt.
1094 3347 1119 3397 6.
1139 3361 1169 3398 2:
1180 3385 1187 3398 .
1198 3384 1222 3398 ..
1240 3346 1316 3410 τάχα
1332 3365 1380 3396 παν

245 3436 305 3493 τοὺς
322 3434 449 3496 Ἐβραίους
465 3432 643 3493 columbanae,
660 3429 715 3481 imi
728 3431 791 3492 pandi
804 3433 862 3493 παρ’
877 3429 970 3493 ἑτέραις
984 3429 1117 3493 βαρβάροις
1132 3430 1212 3498 ῥᾴδιον
1226 3433 1271 3491 τὴν
1280 3432 1380 3486 τοιάνδε

244 3514 423 3582 παραφυλάξαι
441 3513 544 3575 θεωρίαν.
563 3517 630 3567 Vide
648 3513 761 3568 Statua.
778 3516 811 3565 ad
824 3514 1201 3582 Cratyl.383A;W1L1.uauu
1211 3519 1263 3568 0.1.
1274 3520 1380 3586 passim,

246 3621 269 3656 e.
279 3622 304 3671 g.
330 3619 407 3670 pagg.
436 3615 494 3668 103,
521 3616 580 3668 roa,
607 3613 670 3669 ¹053
691 3602 725 3652 cf.
745 3609 877 3668 praeterea
898 3603 982 3652 Fun.
998 3602 1109 3666 Josanu.
1126 3619 1149 3652 c.
1169 3604 1257 3669 Apion
1276 3605 1311 3671 11,
1330 3605 1378 3672 363

246 3693 279 3742 de
298 3692 349 3741 Ere
369 3691 493 3740 Armenio
512 3689 579 3739 inira
598 3689 696 3739 dictum
715 3697 768 3756 est3
787 3689 820 3738 cl.
840 3705 899 3754 pag.
922 3702 971 3752 119
989 3689 1050 3739 adn.
1072 3702 1094 3739 t.

291 3777 319 3845 3)
338 3777 459 3843 Gaum,
477 3776 554 3826 Culte
573 3776 627 3826 und
646 3777 768 3840 Mythen.
787 3792 847 3841 pag.
867 3773 928 3840 318.

292 3864 321 3930 4)
340 3863 380 3913 Cf.
406 3863 566 3926 Gonnum,
589 3862 634 3912 Gr.
660 3863 694 3912 D.
718 3862 746 3911 11
771 3877 831 3927 pag.
855 3875 916 3927 210,
939 3861 1013 3912 cuius
1035 3863 1114 3911 verba
1132 3879 1210 3929 supra
1228 3864 1300 3931 (pag.
1322 3878 1381 3930 102,

249 3951 311 4002 adn.
331 3949 359 4016 2)
377 3950 490 4000 laudavi.

293 4038 320 4105 5)
340 4036 445 4102 Omnia,
469 4052 536 4102 quae
561 4036 594 4086 de
614 4036 753 4100 Aegyptiis
772 4045 955 4086 commemorat
974 4037 1075 4102 PLATO,
1094 4037 1183 4087 afferre
1202 4053 1308 4088 necesse
1327 4054 1380 4087 non

248 4125 342 4174 babeo.
358 4123 426 4174 Saus
443 4122 550 4187 copiosa
564 4122 733 4171 inveniuntur
749 4121 820 4187 apud
837 4123 995 4188 Zattnautt,
1011 4123 1057 4172 Ph.
1074 4122 1099 4172 d.
1116 4123 1161 4172 Gr.
1177 4123 1204 4173 11
1223 4124 1249 4172 ι4
1259 4139 1318 4189 pag.
1328 4137 1381 4184 412

248 4211 308 4261 adn.
327 4224 357 4278 23
377 4209 409 4260 cs.
430 4217 563 4274 praeterea
582 4209 723 4274 Gomara,
743 4209 791 4258 Gr.
809 4209 843 4258 D.
864 4207 890 4257 11
910 4225 969 4275 pag.
990 4209 1382 4276 2103Hsnuanu,Gesch.u.

248 4297 315 4363 Syst.
334 4297 360 4346 d.
380 4296 444 4346 Plat.
464 4296 531 4345 Phil.
550 4295 571 4344 I.
591 4311 650 4360 pag.
672 4305 703 4359 55
722 4310 792 4360 sqq,
806 4302 831 4343 et
848 4295 954 4344 adhaec
965 4297 1147 4345 annotationes
1157 4296 1228 4362 (pag.
1243 4309 1290 4359 113
1301 4295 1382 4363 sqq.);

249 4383 339 4434 sedulo
358 4383 389 4432 de
410 4383 447 4432 eis
465 4383 519 4448 egit
538 4382 566 4431 P.
585 4382 717 4446 Nauuau,
735 4382 776 4431 De
794 4381 859 4430 locis
877 4381 1046 4447 Aegyptiacis
1063 4383 1089 4431 in
1100 4384 1223 4448 operibus
1234 4383 1383 4433 Platonicis.

250 4469 429 4530 Vratislaviae,
457 4469 679 4534 MDCCCLXIV,
703 4469 735 4518 de
760 4484 813 4533 quo
839 4469 966 4534 opusculo
982 4469 1041 4519 vide
1058 4469 1197 4520 Susamun.
1211 4472 1238 4520 in
1255 4471 1384 4536 Buastau,

248 4558 392 4621 Jahresber.
412 4557 452 4606 111
475 4555 657 4621 1874—1875,
680 4569 701 4605 1.
718 4572 778 4621 pag.
796 4569 856 4619 344.

294 4645 415 4694 Ceterum
434 4659 500 4708 quae
521 4659 598 4709 snpra
616 4644 643 4692 in
663 4651 734 4692 textu
754 4643 856 4708 scripsi,
871 4644 962 4709 scripsi
979 4645 1118 4709 prudentia
1131 4645 1223 4695 ductus
1238 4646 1385 4710 veterisque

251 4731 383 4798 proverbii
409 4744 521 4779 memor:
540 4731 568 4779 in
587 4730 675 4779 dubiis
693 4731 803 4779 abstine.
823 4731 888 4779 Cum
908 4731 1016 4780 Zattua
1034 4739 1088 4781 tum
1104 4733 1248 4782 Heauauu
1264 4733 1333 4782 inter
1347 4748 1386 4798 ea,

1272 4833 1288 4886 8
