3698 5574
830 659 902 732 ι59

294 833 434 932 Cratyli
471 833 555 907 loco
593 833 713 908 dicam
747 877 811 924 -,
845 832 903 906 hic
931 832 1095 929 quidem,
1125 833 1289 929 inquam,
1317 833 1425 909 aliter

293 982 353 1030 res
379 956 520 1031 habere
548 981 589 1030 se
617 956 780 1029 videtur:
811 979 897 1028 nam
918 955 1049 1050 primo
1071 955 1121 1029 ab
1146 955 1226 1053 ipso
1250 954 1425 1029 Socnnrn

294 1079 463 1153 dicuntur
496 1077 558 1152 illa
587 1078 670 1182 λέγει
698 1079 738 1156 δέ
762 1109 822 1156 που
851 1083 907 1154 καὶ
935 1072 1086 1181 Ὀρφεὺςς
1115 1101 1183 1150 nec
1211 1076 1366 1151 aliorum
1396 1078 1425 1150 is

294 1200 405 1274 refert
427 1201 654 1298 opinionem,
678 1201 746 1272 sed
767 1224 873 1272 suam
887 1199 1001 1296 ipsius
1016 1199 1169 1295 exponit
1183 1199 1424 1292 sententiam,

292 1322 421 1396 deinde
457 1321 545 1397 certi
574 1320 726 1418 quidam
754 1346 885 1395 versus
912 1320 1000 1417 ipsis
1026 1321 1150 1394 verbis
1179 1319 1335 1418 Orpheo
1363 1320 1426 1394 ad·

294 1443 518 1518 scribuntur:
558 1443 685 1540 itaque
722 1443 784 1516 vix
822 1443 953 1517 mirum
990 1459 1058 1533 est,
1097 1443 1126 1516 si
1163 1468 1210 1517 ex
1245 1441 1428 1517 hocloco

295 1565 407 1640 efficit
434 1565 591 1656 Wsssn,
619 1590 731 1639 nosse
759 1565 967 1641 Phanorian
996 1564 1139 1662 Orphei
1162 1565 1426 1663 theogoniam3

295 1687 432 1762 sedicet
455 1704 542 1785 post
566 1689 791 1761 Louncmuu
814 1687 863 1761 ad
887 1687 1133 1784 theogoniam
1157 1687 1282 1762 reserri
1305 1687 1427 1762 solere

295 1811 365 1884 hos
402 1835 550 1900 versus3
589 1825 627 1884 et
664 1810 873 1883 Pnnrounu
912 1825 1041 1906 aperte
1076 1834 1205 1882 eorum
1234 1826 1426 1884 auctorem

295 1932 457 2006 indicare
486 1931 692 2030 Orpheum.
704 1928 731 2029 ¹)
761 1931 900 2005 Verum
930 1931 1121 2005 enimvero
1150 1933 1179 2004 si
1207 1932 1288 2007 sola
1316 1933 1429 2030 ipsius
1476 1989 1479 1995 -

296 2052 367 2128 loci
395 2055 511 2128 verba
535 2071 760 2151 spectamus,
785 2054 847 2126 vix
872 2079 1081 2152 possumus,
1107 2055 1195 2152 quin
1220 2055 1428 2129 Pnnrounu

298 2176 492 2276 Orpheum
518 2179 687 2252 carminis
709 2177 823 2274 ipsius
845 2193 970 2254 aetate
995 2177 1072 2251 noti
1094 2193 1286 2252 auctorem
1306 2178 1428 2253 iacere

298 2317 515 2376 statuamus.
553 2301 666 2396 Quod
704 2301 734 2373 si
771 2301 848 2374 iure
882 2299 998 2392 fieret,
1028 2317 1214 2398 pugnaret
1242 2301 1299 2374 hic
1327 2300 1430 2375 locus

298 2449 381 2497 cum
419 2423 472 2514 iis,
511 2449 606 2520 quos
643 2422 713 2496 huc
750 2448 868 2519 usque
905 2424 1144 2497 tractavimus
1181 2449 1355 2521 quaeque
1384 2449 1429 2498 ex

297 2547 340 2619 iis
381 2571 480 2644 quae
520 2546 567 2618 de
605 2543 761 2642 Orpheo
798 2545 899 2642 apud
937 2547 1144 2619 Pnnrouau
1181 2546 1428 2638 inveniuntur,

297 2667 499 2757 elicuimus,
527 2665 584 2740 his
612 2667 772 2740 obesset.
798 2665 874 2741 Sed
898 2692 1027 2740 veram
1051 2693 1134 2742 esse
1156 2669 1253 2741 hanc
1269 2667 1430 2743 Wnnnru

298 2791 533 2879 sententiam,
564 2789 665 2863 nullo
693 2789 807 2863 modo
836 2791 987 2887 probari
1013 2817 1125 2889 posse
1155 2791 1242 2864 mihi
1270 2791 1426 2866 videtur.

353 2912 403 2985 Et
430 2911 477 2984 de
505 2910 711 3009 theogonia
739 2911 798 2984 hic
824 2936 1036 2985 sermonem
1060 2937 1142 2986 esse
1167 2912 1324 2987 libenter
1347 2938 1431 2986 con·

300 3035 415 3126 cedo,
450 3034 564 3108 etiam
592 3032 680 3106 illud
708 3033 885 3133 adiungo,
915 3059 1097 3132 apparere
1125 3060 1172 3108 ex
1200 3035 1269 3110 loci
1298 3037 1432 3126 verbis,

300 3155 544 3253 theogoniam
581 3156 677 3229 hanc
715 3156 903 3228 Pnnrours
935 3172 1061 3230 aetate
1091 3155 1246 3255 Orpheo
1275 3158 1432 3231 adscribi

300 3295 338 3354 et
366 3277 509 3374 Orphei
537 3279 688 3351 nomine
716 3279 835 3352 notari
863 3277 1011 3352 solitam
1039 3304 1133 3353 esse.

354 3399 474 3497 Atqui
498 3401 569 3474 hoc
592 3425 751 3497 quaero:
778 3425 916 3474 numne
930 3399 1036 3497 plura
1051 3401 1145 3475 effici
1160 3401 1263 3476 licet?
1279 3403 1431 3476 Numne

300 3523 411 3598 etiam
440 3523 504 3596 lzoc
531 3539 700 3619 apparet,
731 3523 887 3620 ipsum
917 3523 1125 3597 Pcnrouau
1150 3523 1305 3622 Orpheo
1329 3525 1432 3600 theo-

300 3645 452 3744 goniam
481 3643 578 3717 hanc
605 3645 786 3718 tribuere?
816 3643 903 3718 Non
931 3670 1047 3742 rogo:
1072 3647 1258 3721 tribuatne
1281 3650 1433 3723 revera?

300 3769 385 3842 sed:
424 3791 509 3840 eum
548 3765 735 3856 tribuisse,
775 3793 822 3839 ex
859 3766 923 3840 lroc
955 3767 1028 3840 loco
1054 3769 1150 3842 sitne
1178 3770 1432 3845 manifestum?

304 3889 421 3963 Mihi
459 3889 705 3986 persuasi,
744 3913 835 3962 non
873 3913 992 3962 esse.

349 4181 374 4246 1)
393 4178 497 4228 Wms
521 4193 546 4230 o.
561 4177 579 4226 1.
603 4193 663 4242 pag.
683 4176 731 4240 36:
753 4177 962 4241 „Verschiedene
981 4177 1081 4228 Stellen
1100 4179 1200 4245 zeigen,
1217 4180 1276 4230 dass
1295 4181 1349 4230 ihm
1367 4182 1434 4233 auch

301 4267 360 4316 eine
385 4264 539 4329 Theogonie
564 4263 610 4313 des
632 4263 664 4313 0.
683 4263 800 4314 bekannt
819 4280 879 4314 war.
899 4265 949 4314 Die
968 4265 1004 4313 im
1023 4265 1092 4314 Crat.
1112 4282 1138 4330 p.
1156 4268 1241 4329 402ss
1260 4269 1432 4333 angefuhrten

302 4351 452 4402 Verse....
477 4350 581 4400 werden
610 4350 660 4399 seit
687 4350 794 4400 Lobeck
818 4351 845 4400 in
871 4351 929 4400 eine
953 4351 1107 4416 Theogonie
1131 4355 1342 4406 verwiesen....
1368 4356 1433 4405 Also

299 4439 359 4488 eine
378 4437 531 4501 Theogonie
548 4436 595 4487 des
614 4436 648 4487 0.
666 4437 750 4486 zitiert
769 4436 888 4487 Platon.”

344 4539 404 4590 pag.
425 4535 473 4586 33:
495 4523 592 4588 „Verse
611 4539 662 4572 von
683 4523 715 4574 Ο.
736 4525 839 4573 werden
859 4539 1009 4590 engezogen
1025 4525 1122 4590 Cratyl.
1138 4542 1164 4591 p.
1174 4541 1226 4591 ⁴⁰²
1237 4529 1257 4578 B
1268 4529 1322 4578 und
1332 4529 1434 4579 Phileb.

301 4626 327 4675 p.
345 4609 380 4660 ⁶6
391 4610 421 4674 C,
440 4608 473 4659 de
492 4609 561 4674 legg.
581 4625 608 4674 p.
626 4608 729 4674 6691),
748 4625 781 4659 nn
800 4609 891 4660 diesen
912 4621 926 4672 3
947 4610 1046 4660 Stellen
1066 4613 1133 4662 wird
1151 4629 1178 4663 er
1195 4615 1378 4664 ausdrucklich
1394 4615 1433 4665 als

301 4698 384 4746 Autor
402 4695 545 4761 genennt.”
