3724 5576
970 693 1015 761 14

426 868 510 965 quid
529 866 706 941 vocabulo
726 867 795 940 hoc
824 865 990 940 ›iudicio’'
1012 865 1214 966 sigrificem.
1233 867 1339 940 Cuius
1352 869 1448 940 vocis
1461 867 1514 940 vis
1527 868 1560 940 in

424 990 491 1063 hac
505 989 738 1087 disputatione
752 987 854 1063 latius
860 1003 972 1085 patet,
983 989 1031 1062 ita
1045 1005 1162 1062 utnon
1171 988 1297 1078 solum,
1309 989 1392 1087 quid
1402 989 1448 1062 de
1458 1015 1559 1086 supe·

424 1112 568 1186 rioribus
590 1121 724 1184 remeat
744 1113 878 1201 Prrro,
903 1137 1026 1183 verum
1050 1111 1156 1184 etiam
1181 1136 1275 1208 quae
1293 1111 1339 1184 de
1353 1137 1475 1184 eorum
1489 1110 1560 1184 vita

423 1235 589 1330 operibus
603 1234 764 1308 doctrinis
778 1248 1045 1322 commemoret,
1063 1259 1229 1332 quaeque
1243 1259 1287 1308 ex
1297 1259 1419 1308 eorum
1428 1234 1561 1329 scriptis

423 1354 552 1446 laudet,
591 1357 634 1430 sit
670 1357 953 1446 examinandum,
986 1355 1020 1428 id
1049 1356 1147 1453 quod
1173 1382 1281 1454 supra
1305 1357 1376 1429 iam
1401 1355 1558 1429 indicavi.

477 1478 619 1552 Deinde
655 1503 736 1551 cum
769 1479 939 1552 zirdz'cium
971 1478 1135 1551 Platonis
1167 1479 1256 1568 dic0,
1286 1479 1364 1552 dico
1391 1479 1559 1551 roderium

424 1600 589 1674 Platonis
615 1601 713 1696 quod
734 1602 809 1674 eries
835 1603 1046 1698 operibus
1067 1603 1274 1675 emoreretur.
1302 1602 1351 1675 Ut
1368 1601 1460 1676 inea
1474 1627 1557 1700 quo·

426 1748 496 1819 que
527 1723 710 1821 inquiram,
745 1748 839 1821 quae
872 1724 918 1796 de
945 1723 1078 1797 haere
1105 1723 1160 1797 alii
1181 1738 1560 1812 commemoraverunt,

425 1869 491 1918 nec
513 1846 747 1918 necessarium
773 1862 839 1933 est,
863 1871 929 1918 nec
942 1846 1009 1919 sub
1024 1847 1141 1942 operis
1155 1846 1254 1918 huius
1267 1845 1419 1920 rationes
1433 1845 1562 1918 cadere

425 1982 522 2063 puto.
550 1965 642 2039 Cum
666 1967 783 2040 omnia
807 1966 960 2040 Platonis
984 1993 1096 2064 opera
1118 1984 1274 2042 aetatem
1297 1967 1443 2057 tulerint,
1456 1963 1481 2064 ¹)
1495 1968 1562 2041 hac

425 2113 470 2161 ex
496 2103 600 2185 parte
627 2114 697 2162 non
725 2105 780 2162 est
807 2089 1013 2180 verendum,
1042 2115 1087 2162 ne
1114 2091 1192 2187 ipsa
1218 2089 1370 2164 Platonis
1392 2090 1563 2162 sententia

427 2236 497 2285 non
523 2211 725 2308 reperiatur.

478 2334 645 2431 Denique
686 2334 906 2430 expositurus
941 2360 1019 2408 sum
1057 2333 1210 2408 Platonis
1247 2335 1294 2408 de
1330 2334 1564 2431 superioribus

427 2457 649 2546 sententiam,
685 2481 756 2531 non
792 2456 958 2554 imprimis
994 2473 1033 2530 ut
1068 2458 1194 2531 horum
1230 2457 1409 2531 doctrinae
1435 2455 1565 2554 aliquid

427 2577 562 2652 luminis
605 2578 764 2652 adseram
800 2594 861 2652 aut
892 2579 1093 2652 uberiorem
1130 2578 1337 2675 placitorum
1373 2579 1565 2680 adiungam

427 2701 675 2801 cognitionem,
704 2700 769 2774 sed
796 2716 845 2789 ut,
872 2700 1001 2774 siheri
1027 2701 1150 2799 possit,
1178 2699 1361 2775 illustretur
1382 2701 1504 2774 Pnnro
1527 2717 1565 2774 et

428 2822 553 2896 clarior
588 2823 695 2896 etiam
722 2820 897 2895 clarissimi
924 2823 985 2895 viri
1012 2839 1231 2921 proponatur
1257 2824 1429 2897 memoria
1455 2839 1564 2920 atque

427 2945 558 3044 imago.
602 2945 684 3018 Non
722 2969 816 3041 quae
851 2944 1030 3019 docuerint
1064 2945 1333 3042 prae-Socratici
1368 2945 1566 3043 philosophi

429 3067 641 3166 investigare
668 3068 838 3157 conabor,
865 3067 930 3140 scd
954 3093 1048 3164 quae
1070 3068 1193 3141 Puero
1208 3093 1272 3141 eos
1286 3068 1446 3142 docuisse
1460 3068 1563 3160 dicat,

430 3215 501 3264 non
528 3188 610 3286 quid
638 3189 685 3262 de
711 3187 845 3262 illorum
873 3189 1035 3264 doctrinis
1060 3191 1274 3264 censendum
1301 3191 1344 3264 sit
1365 3191 1477 3279 nobiS,
1498 3189 1563 3263 sed

430 3312 514 3411 quid
540 3312 711 3385 censuerit
737 3312 869 3385 Puero.
900 3313 1025 3386 Utrum
1053 3329 1149 3387 recte
1170 3313 1352 3403 censuerit,
1377 3312 1488 3386 altera
1509 3328 1565 3387 est

430 3434 689 3551 quaestio,.in
738 3460 811 3532 qua
858 3434 1081 3535 profliganda
1126 3436 1232 3510 etiam
1277 3434 1394 3533 qualia
1434 3443 1564 3509 nostra

437 3597 625 3610 ..ι-ι--ι

478 3678 504 3746 1)
529 3679 570 3729 Cf.
595 3680 769 3744 Ueuunwno,
793 3679 1028 3745 Untersuchungen
1054 3682 1120 3730 llber
1142 3680 1185 3729 die
1209 3679 1333 3730 Echtheit
1357 3680 1412 3730 und
1437 3679 1564 3744 Zeitsolge

330 3763 339 3782 '
430 3766 610 3816 Pletonischer
638 3765 768 3816 Schriften
792 3767 847 3816 und
871 3769 935 3818 hbet
959 3767 1002 3816 die
1027 3768 1249 3832 Hauptrnomente
1274 3783 1318 3816 eus
1344 3766 1439 3817 Plato's
1464 3769 1564 3817 Leben.

432 3853 511 3903 Wien
533 3851 609 3918 1861,
634 3869 694 3918 pag.
716 3864 779 3916 131:
807 3853 858 3917 ,Es
877 3854 911 3903 ist
929 3854 1030 3904 hierbel
1049 3854 1197 3904 zuvdrderst
1215 3854 1251 3903 im
1271 3853 1453 3919 Allgemeinen
1473 3870 1503 3903 ru
1522 3855 1566 3903 be·

434 3939 566 4004 ,merkem
585 3939 643 3990 dass
662 3947 737 3990 unter
756 3938 807 3989 den
824 3939 963 4008 Schriften,
976 3941 1020 3990 die
1035 3957 1084 3992 uns
1100 3941 1137 3990 als
1152 3940 1318 3991 Platonische
1333 3940 1482 3990 uberliesert
1498 3939 1568 4007 sind,

434 4043 518 4092 „zwar
535 4027 628 4093 gewiss
646 4026 761 4076 mehrere
781 4026 893 4077 unechte
912 4028 967 4078 sich
984 4028 1117 4093 befinden,
1135 4028 1194 4077 dass
1212 4028 1275 4077 aber
1294 4027 1340 4077 mit
1361 4042 1462 4092 grosser
1478 4028 1569 4077 Wuhr-

436 4113 652 4180 „schelnlichlreit
670 4128 861 4178 angenonunen
880 4113 985 4163 werden
1007 4114 1072 4179 dart,
1091 4113 1149 4164 dass
1169 4114 1210 4164 die
1236 4115 1357 4163 echten
1381 4114 1568 4165 stimmtlich

437 4202 575 4268 „darunter
594 4199 729 4250 enthalten
748 4199 808 4250 sind
826 4199 881 4250 und
895 4201 974 4250 keine
990 4201 1127 4250 derselben
1144 4202 1265 4251 verloren
1280 4216 1414 4266 gegangen
1431 4201 1473 4250 ist.
1489 4201 1569 4252 Diese

435 4288 593 4355 „Annahnre
618 4286 713 4337 beruht
737 4287 836 4353 darauf,
856 4287 915 4337 dass
940 4289 968 4338 in
990 4288 1035 4338 der
1054 4295 1213 4353 gesammten
1232 4288 1304 4338 alten
1323 4289 1461 4354 Literatur,
1480 4289 1570 4338 soweit

436 4377 491 4441 „sie
510 4392 559 4426 uns
577 4374 693 4425 erhalten
709 4374 751 4440 ist,
767 4373 845 4424 keine
861 4375 1004 4439 gesicherte
1020 4376 1169 4441 Beziehnng
1185 4375 1231 4425 auf
1243 4376 1286 4425 ein
1303 4375 1481 4426 Platonisches
1491 4376 1572 4426 Werk

434 4463 511 4526 „sich
536 4462 625 4528 findet,
650 4460 762 4511 welches
786 4459 864 4510 heute
889 4462 962 4511 nicht
986 4464 1059 4512 mehr
1083 4463 1207 4513 existirte.
1233 4462 1269 4512 Es
1287 4467 1395 4529 geniigt,
1412 4462 1510 4512 hlerfur
1527 4462 1575 4513 auf

434 4549 605 4615 „Hirsutum
625 4547 693 4599 Plat.
714 4546 781 4597 Phil.
800 4547 826 4598 S.
846 4558 896 4613 345
916 4548 970 4598 und
991 4549 1078 4614 555s,
1097 4548 1151 4598 und
1166 4548 1212 4598 aus
1227 4549 1346 4615 Znnnrn,
1360 4549 1407 4599 Ph.
1424 4549 1450 4598 d.
1465 4548 1521 4615 Gn,
1536 4549 1572 4616 11,

434 4649 475 4700 „2.
502 4635 569 4685 Aufl.
595 4635 621 4688 S.
641 4647 693 4698 320
704 4635 722 4684 f.
747 4650 778 4683 zu
803 4634 972 4684 verweisen.”
993 4634 1047 4701 (Cf.
1072 4651 1141 4685 nunc
1166 4636 1284 4700 Zunnnn,
1305 4634 1351 4685 Ph.
1371 4635 1396 4685 d.
1415 4635 1461 4686 Gr.
1480 4636 1517 4700 11,
1537 4636 1572 4702 1⁴,

435 4738 495 4789 pag.
513 4723 565 4786 436
575 4737 636 4788 sqq.
655 4721 696 4771 cf.
720 4729 853 4786 praeterea
873 4721 1027 4788 Hnnunuu,
1045 4722 1098 4772 o.l.
1118 4738 1177 4788 pag.
1198 4731 1260 4788 345,
1280 4721 1340 4771 adn.
1363 4723 1396 4788 ι).
