3698 5574
804 652 874 741 189

270 843 426 920 Caelum
455 845 639 945 interponi
661 845 720 920 hic
745 873 768 920 a
791 847 945 920 T1uano
971 845 1165 920 Oceanum
1189 861 1227 920 et
1240 846 1402 945 Tethyn,

269 965 381 1064 idque
409 967 446 1041 in
469 967 552 1043 sola
576 969 742 1067 Orphica
764 968 970 1067 theogonia
991 966 1081 1059 fieri,
1106 967 1250 1043 etiarnsi
1272 977 1404 1044 verum

269 1087 327 1180 sit,
343 1086 369 1187 ¹)
392 1091 544 1166 omnino
567 1092 638 1166 hac
660 1116 701 1165 re
727 1116 802 1166 non
826 1090 1057 1165 infirmantur
1075 1106 1140 1165 aut
1160 1090 1337 1167 tolluntur
1358 1117 1404 1166 ea

270 1321 340 1370 enim
358 1321 432 1372 Plato
452 1321 617 1388 peculiariter
633 1321 844 1372 commemoravit
863 1321 998 1387 Phorcnm,
1017 1321 1069 1371 nisi
1090 1321 1151 1387 quia
1170 1322 1202 1372 in
1221 1321 1317 1372 huius
1336 1337 1406 1388 per-

270 1422 351 1457 sona
375 1415 401 1458 et
425 1409 453 1458 in
475 1409 536 1458 loco
554 1408 660 1459 Oceano
679 1408 827 1472 Tethyique
845 1408 977 1473 assignato
996 1407 1135 1458 discrimen
1154 1407 1222 1458 inest
1238 1407 1316 1457 huius
1334 1407 1406 1458 theo-

269 1495 364 1559 goniae
388 1501 414 1544 et
438 1495 559 1561 vulgatae
578 1494 742 1545 Hesiodeael
762 1494 813 1542 Vix
831 1493 884 1543 alia
902 1493 1044 1560 excogitari
1063 1501 1150 1560 potest
1168 1493 1270 1544 causa”
1291 1493 1343 1544 Sed
1360 1494 1405 1544 vix

260 1580 338 1631 aliam
357 1581 464 1632 huiusce
483 1583 521 1632 rei
539 1582 680 1647 excogitari
700 1597 777 1647 posse
796 1597 908 1647 causam,
926 1581 996 1630 hand
1012 1581 1067 1631 seio
1082 1596 1170 1632 annon
1185 1589 1254 1631 reete
1263 1581 1405 1631 contendat

270 1667 410 1718 snsnmu
428 1667 501 1734 (ride
519 1667 611 1736 inira):
630 1669 719 1734 iisqne
738 1668 767 1718 12
782 1667 875 1718 Phorci
891 1683 1003 1733 persona
1018 1667 1157 1718 discrimen
1173 1669 1259 1718 inesse
1274 1669 1405 1735 Orphicae

270 1754 427 1821 theogoniae
446 1764 473 1806 et
491 1757 648 1822 Hesiodeae,
665 1755 774 1805 omnino
793 1763 911 1806 constare
930 1771 984 1805 non
1003 1755 1113 1806 videtur.

319 1841 345 1909 1)
364 1841 469 1893 Scilicet
496 1843 604 1893 Zzunna
632 1848 661 1891 ut
689 1842 845 1892 sententiam
873 1857 945 1892 suam
973 1843 1067 1907 probet
1091 1850 1194 1893 revocat
1216 1843 1250 1893 ad
1275 1843 1406 1909 Orphicae

273 1927 429 1993 theogoniae
451 1944 539 1980 versus
559 1929 628 1979 Crat.
647 1929 731 1992 42211
751 1927 858 1978 allatos:
878 1929 924 1993 qui
943 1943 1031 1978 versus
1050 1943 1139 1978 annon
1158 1944 1217 1978 cum
1235 1929 1336 1980 Timaei
1354 1931 1406 1980 loci
1445 1971 1447 1976 .

272 2023 423 2080 argumento
447 2017 614 2082 conveniant,
639 2022 700 2066 sunt
718 2015 764 2080 qui
784 2015 919 2065 dubitent:
937 2013 998 2065 vide
1017 2015 1099 2066 112211
1116 2031 1140 2065 o.
1151 2016 1170 2066 l.
1189 2031 1265 2082 pagg.
1284 2029 1319 2079 42
1337 2032 1408 2084 sqq.;

272 2101 400 2154 diversam
419 2103 564 2154 detendunt
581 2103 738 2154 sententiam
756 2102 816 2152 alii:
837 2103 958 2168 622222,
976 2103 1007 2152 C.
1023 2119 1048 2152 2.
1066 2103 1103 2152 M.
1120 2117 1179 2168 pag.
1190 2103 1257 2169 6153
1268 2103 1407 2154 Snsnsrnrn

272 2205 297 2238 o.
307 2189 326 2239 l.
346 2205 406 2255 pag.
424 2191 504 2256 XlX;
522 2191 630 2240 Zmna
649 2205 673 2239 o.
683 2189 702 2239 l.
720 2205 781 2256 pag.
802 2187 837 2253 89
852 2186 924 2255 (adn.
945 2188 982 2255 6);
998 2190 1111 2240 Gutum
1125 2189 1196 2254 apud
1212 2190 1342 2240 Roseimt
1354 2190 1407 2240 iv.

273 2274 404 2342 Orpheus¹
428 2277 479 2327 col.
507 2289 583 2327 2222.
608 2276 680 2340 Quid
704 2275 738 2326 de
763 2276 880 2325 versibus
906 2275 978 2326 hisce
1003 2275 1122 2342 22211222,
1148 2275 1230 2326 fusius
1249 2284 1341 2342 postea
1359 2279 1408 2328 erit

274 2363 466 2427 exponendum.
486 2364 583 2429 Utique
602 2363 698 2413 1212212
716 2362 829 2412 622222
848 2363 915 2413 C.u.
926 2362 962 2414 M.
978 2378 1039 2428 pag.
1055 2362 1106 2427 615
1124 2362 1281 2413 contendere
1297 2364 1408 2432 videtur,

275 2449 372 2514 cratyl.
390 2464 442 2513 402
458 2451 508 2500 hoc
524 2451 646 2501 Puarortt
663 2450 826 2516 propositum
842 2465 898 2500 esse
907 2456 937 2499 ut
946 2449 1114 2516 demonstret,
1124 2450 1193 2516 apud
1203 2458 1304 2502 veteres
1314 2456 1406 2517 poetas

274 2537 408 2587 Oceanum
433 2538 536 2588 initium
561 2537 665 2588 duxisse
690 2536 817 2604 [„Fassen
841 2537 889 2586 wir
906 2552 927 2586 a.
938 2537 966 2586 B.
984 2537 1032 2586 mit
1050 2537 1178 2587 Giseke
1197 2537 1240 2588 die
1259 2539 1350 2588 Worte
1368 2539 1406 2590 212

275 2623 348 2674 212121
366 2639 412 2672 222
430 2623 503 2674 21222
520 2624 684 2689 Theogonie,
702 2623 816 2674 sondern
834 2639 880 2673 aas
899 2623 984 2672 einem
1002 2623 1118 2674 anderen
1138 2623 1233 2675 Werke
1251 2627 1405 2692 2122222221,

276 2709 388 2760 welches
411 2711 455 2760 bei
479 2711 552 2761 einer
575 2711 724 2775 beliebigen
749 2709 829 2760 Stelle
854 2709 909 2760 und
927 2708 1000 2760 nicht
1018 2725 1069 2760 von
1089 2711 1225 2776 Urbeginn
1243 2711 1359 2778 ansrmg,
1378 2729 1407 2763 so

276 2795 334 2845 11111
352 2797 493 2863 allerdings
512 2798 557 2848 der
575 2798 728 2848 seheinbare
743 2796 930 2861 Widerspruch
946 2790 1001 2859 iti!
1016 2793 1109 2858 γάμοιο
1124 2797 1180 2848 und
1194 2793 1339 2858 duumuirum
1348 2799 1409 2866 1221,

277 2882 336 2932 22122
359 2885 510 2949 unpassend
534 2886 596 2936 aber
620 2883 731 2934 22211211
755 2884 825 2933 daun
846 2882 888 2933 die
907 2882 981 2934 Rede
999 2883 1045 2934 des
1065 2883 1196 2950 Sokrates‚
1214 2885 1361 2936 welcher
1378 2885 1409 2950 ja

279 2970 380 3034 grade
405 2972 578 3022 1222221222
597 2971 685 3037 will,
703 2971 781 3020 dass
798 2970 853 3020 bei
872 2969 936 3019 den
954 2970 1049 3020 alten
1067 2970 1234 3020 Dichtern
1254 2970 1412 3022 Okeanos

278 3071 325 3106 am
354 3058 487 3124 Anfang
514 3059 627 3109 stand:
656 3053 877 3105 lanu....ntm.
907 3056 1031 3106 01122622
1059 3057 1146 3107 22112212
1168 3057 1228 3122 jede
1254 3057 1411 3126 Erkl'arung,

278 3143 376 3194 welche
394 3161 447 3195 von
466 3145 512 3196 der
530 3147 669 3196 Annahme
687 3145 806 3211 ausgeht,
824 3144 883 3194 dass
903 3143 1027 3194 Okeanos
1047 3145 1121 3194 nicht
1139 3159 1180 3194 am
1200 3145 1305 3210 Aniang
1324 3147 1410 3213 stand,

277 3228 337 3278 dem
361 3230 436 3280 Plato
458 3231 500 3280 die
519 3230 807 3295 Gesehmacklosigkeit
824 3237 956 3295 22122222,
974 3229 1034 3278 dass
1051 3245 1079 3279 er
1097 3229 1171 3280 212121
1190 3246 1239 3280 222
1256 3232 1334 3282 21222
1353 3231 1410 3282 her-

277 3318 474 3382 ansgerissenen
500 3318 637 3368 einzelnen
659 3317 725 3366 Vers
743 3317 770 3365 in
790 3316 875 3366 einem
894 3316 960 3365 Sinn
979 3316 1130 3382 gebraucht,
1149 3317 1201 3367 den
1220 3319 1291 3368 erin
1311 3319 1410 3370 seinem

278 3405 502 3470 Zusammenhang
521 3405 593 3454 nicht
612 3405 657 3454 hat
675 3431 711 3441 -
726 3403 797 3454 denn
813 3402 980 3468 dergleiehen
990 3402 1089 3452 kommt
1098 3403 1164 3453 auch
1175 3404 1218 3454 bei
1228 3405 1301 3455 Plato
1311 3421 1412 3472 222-,

278 3491 391 3542 sondern
416 3491 476 3542 dass
500 3507 528 3540 er
551 3490 637 3540 einem
662 3491 727 3540 Vers
750 3489 809 3538 eine
835 3488 988 3554 Bedeutung
1013 3489 1152 3556 unterlegt,
1172 3491 1214 3541 die
1234 3506 1261 3540 er
1280 3492 1366 3542 weder
1383 3493 1412 3542 in

278 3580 378 3630 aeinem
396 3579 525 3644 richtigen
543 3576 767 3641 Zusammenhang
785 3575 854 3626 noch
874 3575 914 3624 1112
927 3575 984 3625 21212
1000 3576 1145 3628 betrachtet
1160 3578 1247 3628 haben
1263 3579 1345 3645 kann,
1356 3580 1412 3630 und

279 3667 339 3716 dass
363 3681 392 3715 22
415 3665 473 3714 dem
498 3665 578 3714 Leser
598 3663 736 3730 ttberlttsst,
754 3662 810 3712 sich
829 3663 906 3712 einen
925 3661 1150 3730 Znsammenhang
1168 3665 1364 3735 ausauklltgeln,
1382 3668 1410 3717 in

280 3753 340 3804 dem
364 3767 392 3802 er
414 3751 467 3802 den
491 3751 678 3816 gewitnsehten
697 3749 762 3800 Sinn
781 3750 895 3813 ergeben
913 3748 1001 3798 haben
1019 3750 1128 3800 kdnnte.
1148 3751 1197 3802 Mit
1216 3752 1288 3802 einer
1305 3754 1413 3804 solchen

280 3839 454 3904 ldo'gliehkeit
478 3839 540 3888 aber
558 3837 690 3888 branchen
707 3836 756 3886 2212
773 3835 846 3886 212121
865 3851 895 3886 22
915 3835 1077 3903 rechnen.”]:
1094 3838 1161 3889 hanc
1180 3838 1259 3890 121222
1278 3841 1414 3890 Prnrosrs

279 3927 445 3991 sententiam,
463 3925 572 3974 omnino
589 3923 654 3974 mihi
672 3939 727 3973 nnn
743 3931 782 3972 est
798 3938 955 3987 persuasum.
971 3923 1039 3973 Nam
1050 3925 1139 3989 primo
1154 3925 1177 3975 si
1193 3941 1283 3976 revera
1293 3928 1414 3978 Oceanus

279 4015 383 4064 initium
402 4013 483 4078 ducit,
500 4012 585 4063 omnis
603 4011 671 4061 inter
687 4010 757 4060 hunc
776 4009 864 4060 locum
884 4017 909 4059 et
928 4009 1082 4060 Timaei-
1100 4027 1178 4076 quem
1200 4020 1285 4064 tamen
1304 4015 1337 4064 ad
1355 4031 1415 4065 ean·

279 4099 339 4150 dem
356 4099 524 4165 theogeniam
545 4099 622 4149 refert
641 4097 777 4147 Gauretus
794 4125 830 4134 -
848 4095 905 4146 tolli
925 4095 1040 4147 videtur:
1061 4097 1179 4150 Oceanus
1197 4101 1220 4150 21
1238 4101 1336 4166 primus
1355 4102 1414 4169 1211,

280 4202 370 4254 parurn
389 4185 559 4251 intellegitur,
577 4185 623 4250 qui
641 4184 693 4234 duo
711 4181 905 4249 [2222222112
925 4182 951 4249 ι)
967 4183 1041 4249 Nyx3
1058 4182 1086 4251 2)
1101 4185 1209 4253 Uranns3
1226 4186 1254 4253 3)
1264 4188 1412 4255 Okeanos3]

278 4275 322 4325 vel
340 4274 418 4324 etiam
437 4272 523 4338 plnres
540 4270 663 4338 [Gaurum
678 4270 748 4335 apud
763 4271 894 4319 Roscusa
909 4269 959 4319 col.
980 4281 1061 4320 1121:
1078 4272 1186 4323 Nacht
1200 4303 1236 4312 -
1251 4275 1290 4324 Ei
1305 4274 1413 4343 (Eros)

278 4389 315 4398 —
341 4359 424 4410 Gaia
447 4358 502 4408 und
526 4359 656 4410 Uranos
682 4385 717 4394 -
742 4357 901 4407 Okeanos
926 4356 981 4406 und
1005 4356 1143 4426 Tethys]
1169 4377 1227 4412 eum
1245 4362 1415 4412 antecessisse

280 4447 427 4512 potuerint:
453 4459 520 4510 quae
544 4444 577 4494 ad
601 4444 779 4494 difficultatem
805 4442 947 4492 tollendam
969 4443 1044 4492 211221
1063 4444 1175 4496 Gaurus
1192 4463 1252 4513 pag.
1272 4447 1414 4514 626,12222

280 4533 343 4583 satis
362 4539 429 4583 torta
446 4531 511 4581 mihi
530 4531 663 4581 videntur:
679 4531 798 4596 primum
816 4545 867 4579 esse
885 4536 911 4579 et
923 4529 1042 4595 primum
1059 4533 1258 4584 matrimonium
1276 4535 1346 4584 inire
1360 4551 1413 4585 non

282 4619 351 4670 idem
376 4625 464 4669 sonat:
483 4619 571 4683 itaque
591 4617 705 4668 Gattt’rrt
723 4616 904 4682 interpretatio
921 4616 973 4666 huc
992 4617 1068 4684 redit,
1086 4626 1114 4668 ut
1132 4636 1184 4670 uon
1204 4622 1315 4688 primum
1334 4621 1413 4672 inisse

282 4707 417 4757 Oceanum
435 4705 574 4756 dicendum
593 4706 635 4754 sit.
