3654 5564
942 586 1014 655 104

460 761 634 860 Denique
644 760 787 835 collatis
797 787 894 859 quae
904 759 1102 858 superioris
1112 759 1273 858 paginae
1280 760 1366 833 adn.
1383 760 1538 858 2legun·

408 881 514 982 tur¹)‚
542 886 592 958 ad
615 884 775 958 eandem
799 881 902 981 vulgi
925 883 1139 981 opinionem
1158 881 1353 956 referenda
1368 882 1539 956 videntur

408 1004 597 1096 nonnulla,
627 1031 725 1102 quae
752 1006 787 1078 in
818 1005 1020 1078 Phaedone
1047 1005 1095 1077 de
1123 1003 1254 1077 animis
1283 1002 1475 1091 docentur,
1499 1019 1540 1077 ut

410 1129 507 1202 81C
544 1153 649 1225 sqq.:
687 1125 842 1232 ’ἐμβριθὲς
878 1129 919 1206 δέ
950 1159 998 1230 γε,
1036 1115 1060 1201 d
1092 1131 1174 1229 pile,
1206 1135 1298 1204 τοῦτο
1327 1132 1445 1205 οἴεσθαι
1473 1125 1538 1230 χρὴ

409 1251 488 1330 εἶναι
525 1258 583 1328 καὶ
620 1247 705 1355 βαρὺ
738 1256 795 1327 καὶ
823 1253 940 1352 γεῶδες
969 1255 1025 1326 καὶ
1054 1248 1186 1351 ὁρατόν·
1216 1249 1233 1325 ὃ
1261 1249 1303 1334 δὴ
1333 1255 1389 1326 καὶ
1417 1245 1539 1352 ἔχουσα

408 1381 429 1459 ἡ
463 1369 595 1464 τοιαύτη
632 1373 722 1478 ψυχὴ
761 1369 939 1478 βαρύνεταί
970 1404 1003 1449 τε
1040 1376 1096 1448 καὶ
1129 1366 1259 1448 ἕλκεται
1291 1372 1388 1449 πάλιν
1417 1377 1459 1463 είς
1485 1371 1539 1448 τὸν

409 1496 522 1599 ὁρατὸν
549 1495 657 1584 τόπον,
683 1495 771 1599 φόβῳ
794 1502 850 1571 τοῦ
873 1492 1001 1584 ἀειδοῦς
1021 1523 1054 1569 τε
1077 1487 1270 1584 καὶἈιδου,
1285 1490 1386 1598 ὥσπερ
1401 1495 1538 1602 λέγεται,

408 1623 474 1720 περὶ
503 1613 544 1695 τὰ
571 1613 736 1720 μνήματα
760 1648 792 1693 τε
820 1621 876 1692 καὶ
903 1612 978 1706 τοὺς
1005 1611 1124 1716 τοίρους
1152 1615 1403 1717 κυλινδουμένη,
1426 1605 1539 1716 περὶὲι

409 1739 452 1824 δὴ
472 1740 528 1816 καὶ
543 1736 631 1840 ὤφθη
647 1731 729 1815 ι’ἷττα
743 1750 857 1842 ψυχῶν
872 1739 1015 1821 οκιοειδῆ
1029 1732 1262 1839 φαντάσματα,
1277 1732 1331 1813 οἶα
1344 1737 1540 1840 παρέχονται

410 1864 444 1938 αἱ
471 1867 616 1937 τοιαῦται
639 1861 744 1964 ψυχαὶ
768 1861 901 1949 εἴδωλα,
926 1861 961 1934 αἱ
982 1857 1031 1961 μὴ
1047 1863 1199 1962 καθαρῶς
1214 1857 1435 1947 α’πολυθεῖσαι,
1450 1853 1540 1934 oillei

409 1991 465 2060 τοῦ
493 1989 609 2087 ὁρατοῦ
635 1983 842 2086 μετέχουσαι,
870 1981 921 2059 διὸ
950 1985 1006 2057 καὶ
1035 1977 1223 2080 ὁρῶνταιῆ

463 2104 540 2180 Sed
577 2105 670 2178 haec
706 2104 904 2178 hactenus:
945 2102 1117 2201 quamvis
1152 2102 1284 2200 gravia
1321 2101 1405 2191 sint,
1440 2101 1539 2190 mihi,

410 2228 549 2326 quippe
581 2227 638 2301 cui
667 2227 715 2301 de
744 2226 932 2299 Punsorus
961 2223 1221 2322 philosophiae
1248 2225 1438 2298 elementis
1465 2247 1540 2296 non

409 2349 456 2422 sit
491 2349 693 2448 agendum,
732 2346 1015 2447 quodammodo
1053 2347 1120 2420 nisi
1158 2344 1302 2452 πάρεργα
1331 2371 1404 2420 non
1434 2361 1539 2420 sunt:

410 2473 535 2568 itaque
563 2473 675 2570 ipsius
704 2471 891 2544 Punaorus
919 2470 1222 2567 obtemperemus
1247 2467 1446 2566 monitoll:
1470 2474 1538 2566 rupi

408 2593 468 2696 μὲν
505 2579 562 2670 οὖν
597 2588 731 2682 τούτων,
769 2590 874 2677 ἐπειδὴ
913 2593 969 2668 καὶ
1005 2588 1149 2696 πάρεργα
1180 2589 1335 2696 τυγχάνει
1364 2592 1537 2695 λεγόμενοι,

409 2713 617 2816 α’ποοτώμεν·
647 2719 673 2791 εἰ
698 2711 735 2792 δὲ
762 2714 824 2816 μή,
848 2719 945 2791 πλείω
968 2712 1017 2790 oiri
1040 2714 1219 2818 ἐπιρρέοντα
1242 2715 1430 2818 καταχῶσει
1445 2719 1539 2817 ἡμῶν

409 2837 463 2914 τὸν
492 2839 527 2930 ἐξ
554 2835 661 2940 ἀρχῆς
689 2837 798 2937 λόγον.

465 3105 500 3172 4.
531 3079 728 3153 Restant
765 3079 1067 3153 barbarorum
1104 3078 1538 3179 philosophumena.

412 3203 472 3276 De
488 3204 620 3300 quibus
635 3227 754 3299 pauca
769 3217 914 3276 tantum
929 3201 1101 3274 videntur
1116 3200 1274 3276 dicenda
1285 3228 1379 3278 esse.
1396 3203 1542 3278 Scilicet

413 3349 552 3422 magna
579 3350 670 3399 sane
698 3340 755 3397 est
782 3323 965 3420 quaestio,
996 3339 1117 3396 utrum
1147 3324 1334 3398 Puurorus
1357 3326 1541 3422 sapientia

412 3471 458 3519 ex
486 3444 724 3519 orientalibus
753 3445 927 3519 doctrinis
955 3444 1002 3517 sit
1024 3444 1191 3536 oriunda,
1217 3446 1264 3519 de
1288 3472 1362 3543 qua
1387 3447 1446 3520 alii
1470 3447 1543 3522 alia

410 3584 573 3641 censent.
601 3567 677 3641 Sed
701 3569 794 3641 haec
819 3567 1001 3664 quaesti0,
1027 3569 1198 3664 quamvis
1220 3569 1454 3666 gravissima,
1471 3571 1542 3644 hoc

413 3689 495 3764 loco
533 3690 714 3764 mittenda
750 3706 818 3780 est,
857 3690 995 3787 quippe
1032 3714 1141 3787 quae,
1179 3691 1273 3764 haee
1300 3716 1462 3790 quoque,
1492 3694 1542 3766 ad

460 3917 485 3984 ι)
505 3919 572 3982 „Die
593 3917 743 3985 Gruudlnge
762 3933 821 3983 sqq.

458 4003 486 4072 υ)
505 4006 546 4055 Cf.
565 4006 702 4054 Wstcxsn
720 4005 764 4054 o.l.
784 4020 844 4071 pag.
867 4016 899 4053 10
918 4003 978 4053 adn.
998 4012 1023 4069 5,
1042 4003 1089 4053 ubi
1103 4003 1249 4070 adnoutur,
1264 4004 1359 4055 iniuria
1373 4005 1443 4055 hunc
1458 4005 1544 4057 locum

412 4109 428 4142 a
443 4093 555 4141 Kmuuo
570 4091 638 4158 (Aus
648 4091 694 4142 der
703 4092 817 4141 Anomia
826 4107 904 4156 pagg.
916 4101 949 4153 70
958 4087 1030 4154 sqq.)
1040 4090 1073 4139 ad
1083 4088 1150 4139 solas
1162 4090 1290 4156 Orphicas
1301 4090 1389 4141 referri
1398 4092 1544 4160 doctrinns3

412 4193 473 4243 pag.
494 4187 524 4242 51
545 4178 650 4244 adn.‹1;
670 4194 729 4243 pag.
749 4189 796 4242 57:
818 4178 885 4240 „Die
903 4176 996 4227 Seeleu
1015 4176 1061 4226 der
1079 4176 1235 4226 Schleehten
1254 4177 1356 4227 flattern
1375 4178 1487 4244 unruhig
1502 4179 1549 4229 aui

412 4265 458 4314 der
482 4264 550 4314 Erde
576 4263 692 4330 umher,''
717 4271 743 4314 et
765 4265 799 4314 ad
822 4265 886 4314 haec
908 4264 969 4313 adn.
996 4275 1023 4312 t:
1051 4263 1283 4329 „Philosophische
1308 4265 1477 4332 Umdeutung
1500 4267 1546 4316 des

414 4350 635 4416 Volksglaubens,
654 4351 699 4400 der
715 4367 747 4401 an
768 4352 827 4401 dem
843 4349 1085 4416 gespensterhasten
1102 4350 1236 4414 Umgehen
1253 4351 1317 4401 aller
1326 4350 1419 4401 Seelen
1430 4361 1546 4403 nument-

412 4437 466 4486 lich
485 4437 512 4486 in
532 4437 577 4487 der
597 4437 671 4487 Nune
690 4438 736 4487 der
755 4419 854 4488 Grtther
873 4437 999 4501 festhielt‚
1017 4437 1066 4486 wie
1085 4436 1128 4485 die
1146 4453 1189 4486 um
1205 4438 1248 4487 die
1263 4438 1418 4488 Grsbstelen
1434 4437 1547 4491 flattern·

414 4523 464 4572 den
484 4523 572 4573 Keren
590 4523 637 4573 der
655 4525 877 4590 weissgrundigen
897 4523 1035 4589 Lekythen
1054 4524 1194 4576 beweisen.
1214 4524 1254 4575 Cf.
1275 4540 1301 4594 p.
1324 4537 1365 4590 το,
1385 4523 1427 4594 53·

459 4607 487 4676 3)
505 4609 612 4660 Theaet.
635 4611 715 4675 177ss
734 4627 794 4677 sqq.
