3724 5576
977 673 1026 744 30

435 848 615 940 coniecta,
645 873 720 922 non
749 871 824 946 quo
853 847 1076 920 docerentur
1103 847 1284 938 homines,
1314 848 1380 921 sed
1406 863 1444 922 ut
1468 847 1567 922 salle·

433 986 571 1062 rentur,
587 996 662 1045 non
673 995 748 1069 quo
758 969 894 1043 veritas
904 969 1120 1067 aperiretur,
1132 970 1198 1043 sed
1209 985 1249 1043 ut
1259 967 1450 1062 celaretur,
1464 971 1566 1068 quod

434 1095 533 1167 idem
558 1089 674 1166 multo
699 1090 828 1164 melius
851 1091 1012 1165 tacendo
1037 1090 1114 1164 fieri
1138 1106 1323 1189 potuerat,
1347 1092 1566 1189 praesertim

435 1242 518 1290 cum
551 1215 602 1288 ita
639 1238 771 1312 parum
800 1227 944 1287 curaret
973 1213 1099 1286 Porro
1127 1212 1410 1306 multitudinem,
1439 1214 1567 1288 credat

435 1339 595 1412 Iudaeus
610 1334 765 1434 Apella3
782 1335 869 1408 mihi
883 1335 1029 1408 videtur
1042 1360 1089 1408 ne
1104 1336 1259 1434 cogitari
1274 1336 1424 1434 quidem
1439 1361 1562 1434 posse.

488 1456 536 1553 4⁰.
567 1459 672 1557 Ipsis,
696 1458 756 1557 qui
781 1456 905 1531 traditi
923 1471 1020 1547 sunt,
1039 1457 1226 1532 PunTours
1240 1457 1399 1556 dialogis
1413 1459 1565 1532 omnino

433 1607 507 1657 non
545 1580 694 1655 indicari
729 1577 805 1654 tale
837 1579 1044 1686 discrimen,
1074 1595 1365 1654 consentaneum
1394 1596 1464 1672 est,
1494 1605 1563 1654 nec

433 1705 505 1779 hac
531 1729 571 1778 re
599 1703 679 1801 ipsa
706 1727 775 1800 per
801 1727 842 1776 se
870 1726 945 1775 non
969 1701 1133 1777 extitisse
1156 1699 1256 1794 illud,
1272 1702 1559 1778 demonstratur.

436 1827 522 1901 Hoc
566 1851 658 1900 vero
695 1825 813 1898 isdem
851 1822 919 1898 illis
956 1822 1115 1922 dialogis
1152 1823 1225 1900 alio
1263 1825 1377 1899 modo
1416 1823 1565 1923 probari

434 1948 522 2022 mihi
549 1948 705 2022 videtur.
738 1945 826 2021 Non
855 1943 976 2020 solum
1002 1962 1083 2020 tota
1106 1947 1251 2021 dicendi
1275 1949 1381 2038 ratio,
1407 1973 1505 2044 quae
1528 1948 1564 2022 in

435 2069 600 2147 Platonis
615 2071 790 2168 operibus
804 2069 999 2161 invenitur,
1015 2094 1061 2143 ea
1076 2085 1144 2160 est,
1162 2094 1259 2167 quae
1274 2070 1323 2144 ad
1338 2070 1567 2145 inducendos

432 2193 604 2268 homines
642 2193 791 2268 minime
829 2193 876 2266 sit
909 2192 1065 2284 idonea3
1095 2217 1170 2266 non
1200 2190 1321 2266 solum
1349 2193 1565 2291 saepissime

434 2339 574 2412 magna
610 2315 890 2413 contemptione
926 2329 1268 2389 commemorantur
1303 2319 1333 2392 oi
1367 2321 1492 2404 πολλοί,
1528 2330 1566 2388 et

433 2463 563 2512 eorum
590 2439 676 2532 δόξα
698 2463 813 2512 verae
837 2440 996 2548 ἐπιστήμῃ
1022 2437 1242 2537 opponitur3
1268 2462 1342 2510 non
1367 2436 1487 2511 solum
1503 2437 1565 2536 qui

433 2583 579 2632 summa
617 2561 718 2657 apud
754 2558 1025 2634 multitudinem
1053 2560 1176 2658 gratia
1202 2575 1317 2657 atque
1346 2560 1566 2633 auctoritate

436 2680 633 2774 florebant,
650 2681 858 2780 Sophistas,
873 2708 940 2780 per
955 2707 1085 2756 omnes
1101 2680 1264 2755 Platonis
1278 2679 1450 2779 dialogos
1464 2679 1565 2755 lusos

435 2803 605 2877 videmus
632 2828 655 2877 a
681 2803 871 2897 Socnnsa3
897 2829 971 2878 non
996 2803 1116 2878 solum
1131 2803 1291 2900 denique
1306 2802 1564 2902 philosophiae

435 2926 515 2999 eius
550 2950 695 2999 summa
733 2953 756 3000 a
791 2926 894 3025 vulgi
929 2927 1191 3024 cupiditatibus
1225 2951 1269 2999 ac
1297 2925 1426 2998 studiis
1454 2925 1565 3024 plane

436 3047 682 3122 abhorrebat:
713 3049 862 3123 maioris
889 3049 946 3122 his
974 3049 1146 3122 omnibus
1170 3064 1228 3122 est
1252 3047 1442 3138 momenti,
1463 3048 1565 3145 quod

437 3170 626 3244 Petaurus
654 3196 770 3270 opera
798 3170 979 3271 legentes,
1008 3171 1060 3245 sic
1087 3170 1289 3262 adficimur,
1319 3187 1360 3245 ut
1382 3168 1565 3244 effluxisse

436 3317 483 3367 ea
510 3317 557 3366 ex
584 3294 697 3392 ipsius
725 3311 851 3369 mente
880 3311 994 3392 atque
1022 3291 1145 3366 indole
1173 3293 1436 3368 existimemus.
1467 3291 1562 3364 Cum

436 3459 488 3471 -
516 3431 557 3489 ut
584 3415 738 3490 afferam
767 3415 979 3513 exemplum
1008 3460 1059 3470 -
1087 3415 1122 3488 in
1153 3414 1355 3488 Phaedone
1379 3439 1478 3486 mors
1502 3413 1563 3486 de·

437 3537 585 3611 cribitur
607 3536 802 3629 Somnus,
825 3563 1092 3635 sermonesque
1113 3553 1200 3611 tunc
1216 3537 1330 3610 habiti
1345 3534 1439 3612 tales
1454 3537 1564 3612 luisse

437 3659 617 3750 dicuntur,
662 3659 792 3758 quales
832 3664 863 3738 ἐν
904 3667 1071 3765 φιλοσοφίᾳ
1115 3660 1350 3734 versantibus
1391 3659 1565 3733 socrum

438 3781 591 3880 eiusque
619 3781 803 3880 discipulis
831 3783 958 3858 haberi
982 3781 1155 3873 solerent,
1166 3779 1193 3880 1)
1217 3782 1352 3856 deinde
1374 3807 1466 3856 vero
1486 3807 1565 3856 nar·

438 3919 567 3978 rantur
604 3905 642 3978 hi
678 3931 882 3998 sermones,
921 3907 1081 3981 indicare
1117 3905 1265 3979 videtur
1301 3904 1387 3978 mihi
1426 3905 1565 3995 Pmro,

439 4052 514 4101 non
551 4026 671 4101 solum
708 4028 927 4122 Socauunu,
962 4054 1093 4104 verum
1120 4027 1233 4103 etiam
1261 4041 1381 4102 semet
1408 4025 1529 4124 ipsum
1539 4023 1566 4124 ⁹)

442 4207 636 4220 ——-

486 4284 512 4354 ι)
530 4287 662 4338 Phaedon.
681 4295 713 4352 59
725 4288 764 4337 A:
780 4287 909 4354 (Priamo
925 4287 1106 4356 loquuntur
1121 4288 1150 4348 δῦ
1164 4292 1250 4338 ταῦτα
1264 4285 1406 4338 οὒδὶνπάνν
1416 4283 1570 4348 parimodo

435 4367 521 4434 einim,
538 4369 570 4431 ὣς
587 4371 650 4431 εἰκὸς
666 4369 696 4420 av
714 4369 806 4438 δόξειεν
824 4368 884 4421 clm
902 4375 1003 4434 παρόντι
1021 4372 1112 4422 πένθει·
1131 4371 1190 4423 odra
1207 4366 1239 4421 al
1258 4369 1329 4428 ἡδονὴ
1345 4368 1384 4428 ὣς
1398 4367 1428 4419 ἦν
1443 4375 1571 4434 Φιλησ-

437 4453 494 4520 φίᾳ
518 4453 600 4516 ὑμῶν
620 4454 734 4515 deror,
752 4453 833 4518 uno
852 4453 988 4518 delirum·
1005 4455 1060 4506 nal
1075 4456 1136 4520 γὰρ
1154 4455 1185 4505 οΙ
1200 4456 1295 4518 Λόγοι
1312 4454 1464 4503 τοιοῦτοί
1480 4468 1569 4512 τινες

436 4533 516 4594 ἦσαν
533 4547 609 4587 nand.

482 4619 510 4687 2)
528 4621 606 4670 etiam
625 4622 712 4688 ipsum
732 4622 898 4690 Pramum
918 4639 1012 4690 nempe
1031 4639 1119 4674 revera
1137 4623 1201 4674 haec
1220 4623 1287 4689 ipsa,
1303 4635 1369 4686 quae
1385 4619 1412 4669 in
1428 4619 1568 4672 Phaedone

439 4708 589 4775 doceantur,
606 4709 646 4758 ita
663 4725 680 4758 ι
698 4708 825 4758 Socms
843 4708 976 4775 disputata
993 4726 1059 4778 esse,
1077 4726 1155 4762 nemo
1173 4717 1222 4777 est,
1241 4709 1308 4774 quin
1327 4713 1414 4772 neget.
