3724 5576
999 643 1043 692 12

453 815 507 888 ad
536 817 790 890 universam
813 817 1141 914 quaestionem,
1167 817 1219 890 Ill.
1244 841 1329 916 quo
1352 816 1480 891 modo
1503 817 1589 888 sint

454 937 757 1013 discutiendae
779 939 861 1014 hae
884 938 1194 1029 difficultates,
1223 963 1421 1036 quaeque
1443 939 1482 1010 in
1505 937 1587 1011 uni·

453 1086 583 1135 versa
619 1061 927 1161 disquisitione
962 1063 1185 1161 sequenda
1211 1062 1266 1136 sit
1287 1061 1358 1136 via
1384 1087 1433 1135 ac
1460 1061 1584 1134 rati0.

509 1329 542 1380 2.
572 1305 596 1378 l.
627 1305 808 1399 Quibus
835 1307 1010 1381 sinibus
1037 1307 1331 1380 terminanda
1353 1307 1414 1380 sit
1437 1306 1585 1403 dispu-

451 1429 576 1503 tatio
612 1454 829 1527 quaeque
856 1431 1112 1505 contineat.
1144 1430 1344 1527 Scriptionis
1370 1431 1468 1504 huius
1495 1430 1587 1502 initio

450 1566 564 1624 totam
592 1551 638 1624 de
661 1553 896 1626 examinanda
918 1554 1066 1643 ratione,
1091 1578 1184 1650 quae
1207 1579 1286 1626 cunr
1301 1552 1588 1626 antecedentibus

450 1671 666 1770 philosophis
701 1674 933 1748 intercederet
968 1674 1114 1764 Platoni,
1151 1675 1394 1772 quaestionem
1430 1677 1520 1748 duas
1554 1674 1587 1747 in

449 1812 571 1893 partes
597 1795 821 1869 dividendam
849 1821 930 1870 esse
958 1797 1037 1886 dixi,
1066 1821 1216 1893 quarum
1239 1795 1350 1870 altera
1369 1811 1466 1870 esset
1484 1797 1585 1886 haec,

450 1934 499 2007 ut,
536 1943 559 1992 a
595 1917 881 2015 prae-Socraticis
917 1919 1134 2017 philosophis
1170 1917 1404 2016 proficiscens
1439 1919 1473 1991 in
1509 1945 1584 2009 eOS,

451 2040 535 2136 quid
561 2041 609 2114 ad
636 2040 789 2114 Platonis
816 2040 1076 2139 philosophiam
1104 2043 1358 2139 pertinuissent,
1386 2041 1584 2140 inquireres,

450 2161 562 2236 altera
597 2179 635 2236 ut
668 2189 691 2237 a
727 2163 879 2237 Platonis
917 2165 1083 2260 operibus
1111 2165 1256 2238 exordio
1283 2181 1401 2261 capt0,
1429 2162 1584 2261 quidde

448 2285 682 2382 superioribus
695 2286 861 2360 iudicaret
874 2285 941 2375 ille,
956 2286 1156 2386 indagares.
1173 2287 1205 2358 E
1218 2287 1344 2384 quibus
1352 2285 1584 2384 posteriorem

448 2423 710 2502 persecuturum
736 2433 796 2480 me
824 2433 903 2481 esse
930 2407 1130 2507 significavi.

501 2528 605 2601 Duas
639 2553 726 2602 vero
762 2529 828 2601 has
863 2530 1088 2627 quaestiones
1115 2527 1221 2627 plane
1248 2529 1404 2603 diversas
1432 2555 1512 2604 esse
1540 2555 1585 2602 ex

448 2650 517 2723 hoc
553 2675 695 2747 quoque
731 2667 893 2748 apparet,
931 2651 1027 2750 quod
1055 2651 1154 2725 sacile
1182 2649 1255 2725 fieri
1280 2668 1412 2749 potest,
1440 2668 1478 2725 ut
1504 2678 1584 2725 cunr

450 2771 739 2870 philosophorum
768 2771 825 2846 vel
852 2772 1211 2871 philosophematum,
1235 2774 1269 2846 in
1293 2774 1418 2871 quibus
1440 2775 1486 2847 ad
1510 2773 1585 2848 Pla-

447 2896 537 2969 tonis
564 2894 833 2994 philosophandi
858 2896 1030 2970 rationem
1058 2897 1213 2970 maxima
1240 2897 1363 2970 luerint
1389 2913 1582 2986 momenta,

448 3018 661 3092 mentionem
688 3016 820 3091 nullam
846 3018 874 3090 is
901 3018 1015 3107 saciat,
1045 3034 1120 3092 tum
1147 3017 1204 3092 vel
1231 3020 1372 3093 strictim
1394 3018 1452 3092 vel
1475 3016 1583 3092 multa

320 3131 323 3136 ’
447 3139 541 3213 dicat
563 3140 609 3214 de
622 3141 672 3230 iis,
687 3141 746 3237 qui
758 3141 791 3212 in
806 3140 879 3213 eius
893 3140 1086 3214 doctrinam
1100 3141 1242 3214 omnino
1256 3140 1335 3213 nihil
1348 3141 1579 3238 pertinuerint.

500 3261 636 3353 Altera,
673 3289 766 3362 quae
794 3264 840 3336 de
867 3264 1046 3335 Petaurus
1073 3262 1317 3361 philosophiae
1344 3264 1467 3364 genesi
1494 3264 1579 3363 agit,

447 3385 680 3482 disputatione
711 3385 843 3461 multae
870 3384 960 3459 aliae
987 3387 1211 3484 quaestiones
1236 3387 1464 3477 continentur,
1492 3412 1582 3484 quas

447 3507 475 3580 si
488 3533 613 3582 omnes
626 3508 786 3582 dirimere
800 3509 932 3606 cupias,
947 3507 1052 3581 totius
1065 3509 1159 3581 vitae
1169 3509 1321 3604 spatium
1330 3510 1387 3582 vix
1397 3525 1579 3606 suppetet,

447 3655 610 3728 quasque
636 3645 787 3704 tractare
813 3656 878 3704 nec
906 3629 1059 3703 iuvenilis
1086 3631 1250 3704 scientiae
1276 3657 1342 3705 nec
1363 3633 1485 3705 virium
1507 3647 1578 3706 est:

446 3752 587 3849 quinam
618 3751 771 3826 Platonis
799 3752 921 3825 fuerint
949 3752 1131 3844 doctores,
1160 3779 1182 3827 e
1211 3754 1336 3851 quibus
1364 3756 1581 3852 superiorum

447 3873 609 3948 doctrinis
641 3871 700 3947 vel
735 3899 882 3972 quarum
910 3874 1142 3948 doctrinarum
1170 3876 1407 3950 coniunctione
1435 3894 1513 3951 orta
1540 3879 1583 3952 sit

447 3995 601 4070 Platonis
627 3996 867 4094 philosophia,
897 4022 942 4069 an
969 4013 1091 4071 contra
1113 3999 1249 4095 priores
1270 4025 1397 4096 parum
1421 4002 1467 4073 ad
1491 4000 1585 4075 illam

446 4118 682 4215 pertinuerint,
706 4134 743 4192 et
763 4117 967 4214 praeclarae
990 4120 1063 4193 eius
1086 4121 1213 4194 mentis
1236 4123 1333 4219 quod
1348 4123 1394 4206 ad
1409 4149 1586 4197 summam

446 4239 535 4312 haec
562 4239 719 4314 doctrina
746 4240 788 4314 sit
814 4241 974 4337 propria;
1003 4257 1118 4314 utrum
1145 4242 1179 4314 in
1207 4241 1282 4316 aliis
1308 4246 1475 4342 operibus
1497 4245 1585 4320 alios

447 4363 638 4436 maximum
674 4377 893 4436 momentum
929 4363 1094 4438 habuisse
1128 4381 1314 4461 appareat,
1343 4392 1390 4440 an
1417 4369 1450 4440 in
1476 4369 1583 4441 omni·

446 4485 513 4558 bus
526 4485 620 4558 idem
632 4521 640 4578 3
656 4485 805 4583 denique
819 4511 865 4560 an
879 4484 1079 4560 Platonicae
1094 4486 1339 4584 philosophiae
1353 4489 1582 4565 fundamenta

445 4607 494 4682 ab
514 4608 592 4705 ipso
612 4609 752 4707 quidem
767 4634 837 4681 non
850 4609 917 4682 sint
929 4609 1032 4699 iacta,
1049 4611 1113 4685 sed
1128 4609 1237 4686 multo
1250 4611 1350 4688 altius
1364 4613 1421 4688 vel
1434 4614 1482 4688 ab
1496 4615 1579 4690 anti·
