3698 5574
797 732 868 800 149

265 899 499 976 dulcedinem
525 904 559 976 in
585 906 770 1002 proverbii
794 907 1098 981 consuetudinem
1115 907 1261 980 venisse
1275 920 1395 978 osten-

265 1023 378 1115 dant3
409 1025 559 1099 iniuria
587 1043 714 1101 autem
743 1029 963 1128 impugnare
988 1029 1202 1118 Wrnrnun
1227 1053 1325 1125 quae
1349 1051 1395 1100 ex

264 1144 448 1220 Losscxn
478 1149 601 1222 verbis
630 1176 742 1249 supra
765 1150 886 1225 allatis
897 1149 923 1250 ¹)
947 1152 1057 1226 efficit
1066 1148 1114 1250 ⁹);
1139 1151 1290 1224 iniuria
1305 1175 1394 1248 quo·

269 1295 344 1366 que
373 1287 548 1344 excutere
576 1297 622 1345 ex
647 1273 770 1346 verbis
795 1274 993 1364 Pru-oms,
1010 1299 1107 1371 quae
1122 1288 1294 1347 excutere
1309 1295 1394 1346 eum

260 1417 373 1490 supra
401 1391 570 1467 vidimus.

317 1515 490 1612 Denique
525 1514 667 1613 reliqua
696 1516 856 1590 Wunuxr
884 1534 1106 1618 argumenta
1135 1519 1254 1592 minus
1282 1517 1394 1592 etiam

260 1636 390 1712 valere
432 1637 518 1711 mihi
562 1638 746 1715 videntur.
790 1640 890 1714 Nam
933 1642 1036 1740 quod
1072 1641 1135 1739 agi
1172 1641 1220 1714 de
1257 1644 1395 1740 ἱεροῖς

259 1762 485 1863 ποιήμασι
510 1760 607 1852 dicit,
632 1763 751 1859 primo
775 1765 968 1860 perpensis
992 1765 1033 1836 iis
1055 1789 1153 1860 quae
1171 1789 1283 1860 supra
1307 1760 1393 1836 alla·

262 1899 302 1957 ta
340 1900 436 1974 sunt,
475 1885 627 1958 omnino
665 1910 739 1958 non
773 1886 923 1961 obstare
951 1887 1022 1960 hoc
1051 1887 1248 1984 quominus
1275 1886 1326 1959 ita
1355 1902 1395 1960 ut

261 2005 421 2080 indicavi
450 2004 652 2104 explicetur
678 2006 793 2099 locus,
822 2009 858 2082 in
883 2009 1009 2107 aprico
1032 2010 1105 2082 iam
1130 2009 1217 2083 erit:
1243 2008 1291 2083 de
1305 2010 1394 2094 ποιή·
1416 1996 1418 2001 ’

262 2160 367 2232 μασιν
395 2129 518 2228 agitur
545 2153 649 2219 sane,
677 2130 744 2203 sed
768 2131 816 2203 de
838 2133 1017 2235 ποιήμασιν
1041 2132 1234 2222 canendi53
1258 2130 1394 2204 deinde

262 2265 390 2324 autem
419 2274 493 2323 non
522 2251 570 2325 de
597 2251 688 2325 solis
714 2257 850 2356 ἱεροῖς
876 2255 1035 2356 ποιήμασι
1062 2277 1273 2327 sermonem
1297 2276 1395 2354 esse,

265 2372 489 2470 conspicitur
524 2399 570 2447 ex
608 2373 649 2446 iis
686 2399 784 2471 quae
820 2391 1041 2473 sequuntur:
1072 2371 1148 2452 ἄλλ’
1175 2375 1238 2452 ὅσα
1265 2405 1297 2452 τε
1326 2384 1395 2478 ispa

261 2493 409 2600 κριθέντα
436 2496 605 2598 ποιήματα
633 2496 729 2586 ἐδόθη
758 2506 823 2589 τοῖς
851 2502 931 2589 θεοῖς
955 2504 1028 2575 καὶ
1052 2497 1132 2576 ὅσα
1159 2497 1293 2600 ἀγαθῶν
1317 2493 1396 2574 ’ὄντα

265 2617 393 2721 ἀνδρῶν
422 2616 616 2722 ψέγοντα
643 2617 664 2700 ἢ
695 2616 966 2696 ἐπαινοῦντά
989 2650 1117 2711 τινας
1140 2621 1247 2723 ἐκρίθη
1262 2623 1395 2722 μετρίως

261 2744 347 2845 δρᾶν
369 2740 404 2817 τὸ
427 2747 567 2817 τοιοῦτον
591 2747 700 2818 ml..
716 2740 916 2814 Praeterea
930 2740 1124 2839 Orpheum
1141 2766 1291 2838 quoque
1306 2739 1394 2815 ceci-

262 2864 361 2937 nisse
390 2858 456 2968 ἱεροὶ
480 2863 662 2965 ποιήματα,
687 2861 709 2936 i.
726 2887 759 2936 e.
785 2863 949 2936 carmina
972 2863 1008 2936 in
1033 2864 1215 2937 honorem
1239 2863 1393 2936 deorum

264 3002 426 3076 cantata,
456 2985 567 3059 fuisse
592 2985 627 3057 in
651 2982 789 3076 sabula,
814 2985 905 3058 satis
928 3001 1087 3083 apparet
1109 3010 1155 3059 ex
1179 2985 1394 3058 Arocuoxn

264 3107 358 3200 loc0,
389 3134 501 3206 quem
529 3132 641 3205 supra
670 3105 914 3182 laudavimus.

318 3231 452 3306 Restat
472 3247 513 3305 ut
533 3231 580 3305 de
602 3231 705 3303 vocis
724 3255 822 3327 quae
838 3246 896 3304 est
909 3226 1010 3334 ὕμνος
1024 3231 1061 3303 νὶ
1075 3229 1207 3304 dicam.
1225 3231 1281 3304 Ea
1297 3256 1396 3330 quae

263 3353 310 3428 de
348 3353 418 3426 hac
454 3353 562 3426 affert
600 3351 757 3443 Wururx,
797 3376 910 3449 supra
946 3353 1019 3425 iam
1055 3348 1269 3450 tractavi;⁸)
1297 3379 1395 3450 quae

263 3477 375 3551 etiam
404 3475 433 3548 si
457 3475 758 3548 demonstrarent
783 3475 994 3572 quicquam,
1011 3475 1072 3548 vix
1086 3491 1214 3549 tamen
1230 3477 1301 3550 huc
1316 3501 1396 3573 per·

262 3599 441 3672 tinerent:
468 3622 553 3671 mea
577 3596 728 3695 quidem
744 3596 920 3695 opinione
936 3621 1011 3670 non
1027 3596 1121 3686 licet,
1137 3597 1392 3672 definitionem

263 3721 424 3818 aliquam
453 3719 602 3794 aliunde
626 3736 814 3818 sumptam
836 3735 978 3794 temere
1001 3721 1050 3794 ad
1074 3721 1171 3793 hunc
1194 3719 1317 3794 locum
1332 3721 1395 3795 ad·

263 3845 402 3934 hibere,
419 3869 501 3917 cum
518 3843 735 3941 praesertim
750 3842 915 3918 definitio
932 3844 1025 3917 haec
1040 3886 1090 3896 -
1102 3843 1132 3916 si
1142 3841 1394 3918 definitionem

263 4073 410 4139 Thamyris]
435 4073 542 4137 gelesen
567 4087 597 4120 zu
620 4070 718 4136 haben,
742 4069 807 4120 auch
832 4069 1003 4120 Herakleides
1025 4069 1112 4137 nicht3
1130 4071 1203 4120 Plato
1225 4071 1325 4136 spricht
1342 4087 1394 4121 von

264 4160 410 4210 Gediehten
435 4159 481 4209 des
499 4157 635 4221 Tharnyris
653 4155 714 4221 (Ion
735 4166 785 4221 533
804 4157 825 4204 B
844 4171 869 4206 u.
890 4153 932 4224 C),
949 4157 1012 4206 aber
1029 4157 1076 4206 wir
1094 4157 1188 4207 wisseu
1206 4157 1289 4224 nicht,
1306 4158 1340 4207 ob
1358 4159 1396 4208 sie

261 4247 308 4296 mit
335 4247 387 4297 den
415 4245 542 4296 ebenfalls
570 4260 621 4293 von
646 4243 700 4293 ihm
724 4250 874 4308 genannten
900 4243 1023 4307 Hymnen
1048 4243 1122 4310 (legg.
1148 4242 1199 4307 829
1210 4243 1245 4310 E)
1268 4243 1397 4294 identisch

261 4333 314 4383 und
333 4332 427 4382 mithio
448 4347 499 4380 von
518 4330 563 4380 der
581 4329 725 4395 Theologie
743 4329 912 4379 verschieden
931 4328 1044 4380 wureu.”

307 4420 333 4486 1)
352 4419 393 4470 Cf·
412 4435 472 4484 ras·
495 4430 552 4480 ¹44·

306 4507 333 4572 ο)
354 4505 394 4555 Cl.
411 4521 470 4571 pag.
489 4515 548 4571 145,
563 4504 622 4555 adn.
642 4516 663 4552 1.
681 4503 779 4568 Efficit,
789 4503 910 4569 inquam3
921 4519 1016 4568 nempe
1027 4503 1085 4569 ipsa
1093 4505 1157 4554 haec
1167 4505 1332 4554 Lomentum
1341 4519 1394 4554 non

263 4592 348 4642 dicere
367 4607 425 4642 cum
444 4608 475 4642 ex
494 4591 580 4641 verbis
599 4590 637 4640 eis
655 4605 733 4654 supra
751 4589 862 4639 laudatis
878 4597 997 4656 apparet,
1013 4597 1067 4639 tum
1082 4590 1285 4640 etiamindicare
1296 4589 1398 4640 videtur

264 4678 369 4728 quux
379 4693 443 4727 voce
452 4683 564 4744 quaeest
574 4675 670 4742 „also”:
680 4675 763 4740 „habe
769 4675 826 4725 hier
832 4676 887 4724 also
893 4676 945 4726 den
953 4676 986 4726 Ο.
994 4677 1066 4726 nicht
1073 4692 1102 4726 so
1109 4676 1167 4726 sehr
1173 4677 1212 4726 als
1219 4674 1344 4726 Dichter''
1352 4692 1400 4742 qs.

308 4765 336 4832 ³)
354 4781 430 4830 unsa·
453 4775 500 4830 ¹45
512 4779 571 4829 sss·
