3698 5574
818 690 886 762 145

285 867 411 976 ᾄδειν
439 869 661 973 α’δόκιμον
696 875 882 971 μοῦσαν,
916 862 1016 970 μηδ’
1045 864 1092 943 ἂν
1121 868 1262 950 ἡδίων
1292 859 1313 967 ᾖ
1341 883 1418 945 τῶν

284 989 494 1096 Θαμύρου
528 1024 570 1070 τε
597 994 674 1069 καί
701 987 887 1096 Ὀρφέως
916 985 1076 1094 ὕμνων,
1105 989 1419 1063 manifestum

283 1132 368 1205 est,
398 1115 518 1188 haec
550 1113 747 1187 nomina
776 1112 1020 1186 duntaxat
1047 1110 1258 1208 exempli
1281 1136 1420 1187 causa

282 1237 456 1312 asserti
480 1261 748 1333 eorumque
773 1233 882 1308 loco
906 1235 1056 1309 etiam
1082 1234 1300 1308 Sirenum
1324 1259 1419 1308 can·

282 1376 359 1435 tus
386 1359 618 1457 usurpari
646 1357 913 1457 potuisse.''

335 1482 393 1556 Ea
431 1506 529 1579 quae
566 1481 639 1554 huc
668 1505 785 1578 usque
813 1480 913 1578 apud
942 1480 1151 1553 Punrounn
1183 1480 1231 1553 de
1261 1479 1418 1578 Orpheo

281 1605 488 1678 invenimus
526 1603 675 1694 tradita,
703 1604 765 1676 vix
789 1603 916 1678 favere
943 1603 1119 1677 videntur
1146 1602 1309 1676 Wauum
1338 1628 1417 1676 sen·

281 1727 440 1801 tentiae:
470 1725 664 1798 videamus
692 1725 813 1824 igitur,
843 1741 965 1800 utrum
990 1742 1120 1800 contra
1143 1725 1295 1799 valeant
1318 1751 1415 1823 quae

285 1847 342 1920 hic
371 1849 516 1946 Legum
544 1846 647 1922 locus
675 1849 835 1923 exhibet.

336 1969 495 2061 Wuoen‚
511 1986 551 2042 ut
561 1970 773 2068 opinionem
784 1996 891 2044 suam
903 1971 1191 2068 probet,contra
1203 1972 1414 2068 oppositam
1465 1982 1467 1988 ’

281 2092 463 2165 Looecrm
499 2093 719 2168 sententiam
758 2095 832 2167 duo
870 2093 1103 2191 potissimum
1136 2093 1278 2189 profert
1306 2119 1413 2192 argu·

281 2229 427 2288 menta:
472 2212 517 2289 1⁰.
549 2214 652 2311 quod
681 2241 727 2289 ex
755 2216 837 2312 ipso
865 2216 1064 2289 verborum
1093 2231 1268 2289 contextu
1297 2241 1412 2314 appa·

281 2353 372 2427 reat,
410 2337 459 2409 ad
498 2347 695 2432 poetam
734 2337 929 2436 Orpheum
958 2337 1101 2435 respici,
1131 2363 1206 2411 non
1235 2337 1284 2410 ad
1313 2363 1412 2412 can-

280 2473 435 2531 torem
477 2457 607 2548 solum,
651 2485 734 2532 cum
777 2460 974 2534 manifesto
1017 2476 1153 2559 agatur
1189 2459 1237 2534 de
1275 2463 1412 2564 ἱεροῖς

279 2581 520 2683 nor-ripam
553 2578 602 2654 2⁰.
633 2583 735 2678 quod
764 2608 839 2656 non
868 2583 1028 2680 quadret
1051 2584 1100 2657 ad
1125 2582 1308 2655 Lonncxu
1331 2609 1410 2657 sen·

280 2701 433 2775 tentiam
448 2703 551 2775 vocis
565 2728 664 2799 quae
678 2720 736 2778 est
749 2703 849 2808 ὕμνος
864 2705 1043 2798 definitio,
1060 2731 1173 2804 quam
1188 2706 1268 2803 ipse
1284 2705 1412 2779 Pcnro

281 2824 454 2897 exhibeat
482 2824 603 2923 Legg.
634 2852 669 2923 p.
691 2847 765 2920 700
781 2825 861 2926 B.¹)

333 2945 571 3044 Argumenta
600 2948 693 3021 haec
722 2974 795 3022 non
821 2948 923 3024 multi
948 2951 1054 3047 pretii
1080 2975 1162 3025 esse
1185 2951 1272 3023 mihi
1286 2951 1414 3024 viden·

280 3085 347 3142 tur.
372 3069 525 3160 Primo,
550 3071 665 3167 quod,
692 3087 732 3144 ut
746 3073 930 3169 posterius
945 3072 1116 3165 affirmet,
1133 3071 1242 3146 addit
1256 3071 1415 3146 Wnasn:

285 3191 481 3288 „Hymnus
515 3192 731 3267 bezeichnet
768 3193 849 3268 also
877 3195 977 3268 nicht
1007 3195 1066 3268 die
1096 3193 1261 3267 Melodie
1290 3192 1411 3285 allein‚

281 3314 440 3387 sondern
483 3312 552 3386 das
594 3315 628 3386 in
670 3314 834 3390 Melodie
871 3332 1037 3414 gesetzte
1075 3315 1238 3406 Gebet'’,
1277 3316 1414 3391 refutat

281 3460 377 3533 quae
406 3460 481 3508 non
510 3437 702 3510 contendit
725 3437 959 3532 Lonncx1u53
984 3439 1098 3512 immo
1122 3438 1259 3512 diserte
1283 3438 1312 3510 is
1328 3439 1414 3512 dicit
1473 3462 1479 3474 ·

280 3582 368 3656 pag.
400 3561 496 3650 389:
527 3559 705 3656 „Loquor
728 3559 776 3634 de
800 3561 853 3652 iis,
878 3561 939 3658 qui
965 3559 1077 3634 literis
1091 3560 1298 3658 consignati
1313 3575 1410 3634 sunt.

281 3757 497 3766 —————-

324 3865 421 3932 1)o.l.
446 3881 505 3930 pag.
531 3862 711 3932 3423„Weun
737 3867 854 3933 Lobeck,
880 3867 940 3932 Agl.
960 3883 986 3932 p.
1007 3865 1058 3930 389
1077 3867 1095 3917 f.
1114 3867 1257 3932 bestreitet‚
1276 3866 1336 3916 dass
1353 3882 1413 3916 man

278 3951 416 4017 orphische
436 3951 558 4016 Hymnen
580 3953 615 4001 im
635 3953 765 4002 Altertum
783 3953 889 4018 gelesen
909 3953 975 4002 habe
995 3953 1049 4002 und
1065 3952 1217 4019 behauptet,
1237 3953 1328 4002 Platon
1347 3953 1412 4003 habe

279 4037 328 4088 deu
354 4038 387 4090 Ο.
412 4053 461 4087 nur
482 4039 521 4088 als
544 4039 660 4104 Beispiel
685 4055 850 4106 genommen‚
876 4052 917 4089 wo
941 4055 969 4089 er
982 4035 1135 4107 {ebensogut
1153 4038 1195 4089 die
1215 4039 1323 4088 Sirenen
1342 4039 1414 4090 bitte

279 4123 390 4174 nehmen
414 4123 532 4190 ledonem
555 4125 622 4175 habe
648 4125 705 4175 hier
721 4126 784 4190 also
808 4126 859 4176 deu
886 4125 918 4175 Ο.
944 4126 1017 4176 nicht
1041 4141 1070 4175 so
1095 4125 1154 4175 sehr
1173 4125 1211 4174 als
1229 4125 1347 4190 Dichter,
1365 4125 1414 4174 wic

279 4210 404 4260 vielmehr
427 4211 466 4260 als
490 4211 618 4276 Sfinger
643 4213 768 4278 gemeint,
792 4229 820 4262 so
846 4213 945 4262 stimmt
968 4213 1015 4262 das
1034 4212 1107 4262 nicht
1125 4227 1271 4261 zusammen
1290 4211 1336 4260 mit
1354 4211 1414 4260 dem

279 4311 378 4360 gauzeu
393 4297 627 4364 Zusammeuhang‚
644 4315 684 4348 wo
702 4299 818 4349 deutlich
832 4315 979 4365 genugvon
989 4298 1041 4348 den
1050 4296 1101 4358 [epit
1111 4293 1243 4361 tortium
1252 4297 1414 4364 gesprochen

280 4383 326 4450 ist3
349 4398 377 4433 es
402 4384 501 4433 stimmt
525 4385 588 4434 aber
606 4385 672 4434 auch
691 4385 765 4435 nicht
784 4401 827 4434 zur
846 4385 1001 4451 Definitiou,
1019 4385 1061 4434 die
1082 4383 1172 4434 Platon
1192 4385 1273 4434 selbst
1293 4400 1344 4434 von
1362 4384 1413 4433 den

278 4465 346 4528 ὕμνοι
370 4469 403 4518 de
428 4470 498 4534 legg.
524 4486 550 4535 p.
579 4471 661 4533 700ss
686 4472 756 4536 gibt:
780 4466 909 4532 διῃρημένη
927 4469 976 4531 γὰρ
994 4470 1055 4517 τότι
1073 4465 1099 4526 ἦν
1117 4467 1174 4528 ἡμῖν
1191 4465 1205 4523 ἧ
1224 4467 1330 4529 μουσικὴ
1347 4469 1415 4517 neris

278 4550 378 4610 ἤδη...
396 4554 442 4603 καί
457 4570 483 4601 τι
502 4550 529 4612 ἦν
547 4550 611 4612 εἶδος
630 4552 693 4616 ᾠδῆς
711 4553 813 4618 rixa}
830 4557 906 4618 πρὸς
920 4553 1134 4615 Modestinus«
1150 4552 1182 4603 ii
1198 4554 1288 4620 ὕμνοι
1305 4549 1416 4602 ἔπηα-

278 4637 400 4684 Λοῦντο.
419 4637 539 4702 Hymnus
558 4639 714 4690 bezeichnet
731 4639 786 4690 also
805 4640 878 4689 nicht
898 4640 941 4690 die
960 4639 1075 4690 Melodie
1094 4639 1183 4704 nllein,
1197 4639 1311 4688 souderu
1326 4637 1372 4688 das
1387 4637 1414 4687 in

281 4723 395 4775 Melodie
413 4731 526 4790 generate
545 4724 656 4776 Gebct.”

1265 4839 1297 4878 10
