3724 5576
989 675 1038 746 34

499 851 593 925 Utut
629 865 697 942 est,
735 850 783 923 de
820 850 1000 924 eiusmodi
1030 851 1248 942 discrimine,
1279 849 1390 949 quale
1418 877 1578 926 comme·

444 974 599 1065 moravi,
622 973 773 1046 omnino
792 997 1004 1046 sermonem
1020 999 1095 1048 non
1110 998 1193 1047 esse
1208 973 1243 1046 in
1259 973 1448 1046 Punroms
1462 973 1577 1071 philo-

443 1096 587 1193 sophia,
626 1095 714 1168 satis
750 1109 922 1168 constare
961 1095 1049 1168 mihi
1084 1095 1241 1170 videtur.
1278 1093 1490 1169 Genuinam
1517 1096 1581 1169 do·

443 1221 598 1293 ctrinam
636 1233 751 1315 atque
788 1217 1003 1314 opinionem
1033 1219 1177 1316 scriptis
1204 1218 1289 1309 suiS,
1315 1242 1413 1316 quae
1437 1218 1486 1291 ad
1510 1242 1580 1291 nos

443 1356 697 1440 pervenerunt,
722 1338 1003 1437 comprehendit
1028 1340 1173 1434 Postu,
1199 1364 1309 1439 quae,
1333 1339 1418 1414 licet
1441 1365 1580 1438 magna

443 1465 693 1554 contentione,
723 1488 769 1536 ex
796 1461 853 1534 his
882 1462 1057 1560 cognosci
1087 1476 1224 1559 potest,
1249 1462 1454 1535 dummodo
1477 1476 1579 1535 recta

443 1585 695 1686 cognoscendi
723 1585 784 1658 via
812 1607 855 1656 ac
884 1583 979 1656 ratio
1009 1583 1163 1657 ineatur.

504 1733 560 1784 10.
592 1708 688 1782 Cum
716 1707 765 1780 ab
793 1705 863 1778 hac
892 1720 998 1802 parte
1027 1705 1137 1803 igitur
1165 1704 1252 1779 nihil
1280 1705 1337 1797 sit,
1362 1706 1464 1803 quod
1489 1730 1579 1804 quo·

445 1833 564 1906 minus
588 1855 680 1904 vera
700 1829 887 1902 Pmroms
901 1843 1151 1925 cognoscatur
1165 1828 1349 1901 sententia
1364 1828 1499 1919 obstet,
1517 1827 1579 1900 mi·

445 1955 543 2027 nime
566 1968 693 2026 tamen
717 1974 849 2024 omnes
872 1947 1108 2022 difficultates
1123 1964 1208 2022 sunt
1222 1947 1403 2023 sublatae.
1420 1949 1576 2023 Etiamsi

443 2077 564 2175 ipsum
589 2073 753 2148 Platonis
767 2071 939 2145 iudicium
954 2072 1129 2170 cognosci
1144 2072 1273 2169 possit,
1289 2073 1363 2145 iam
1378 2073 1576 2168 quaeritur,

443 2215 566 2273 utrum
590 2212 730 2271 rectum
746 2194 878 2268 sithoc
892 2193 1063 2267 iudicium
1079 2218 1207 2267 necne.
1225 2194 1370 2288 Quodsi
1385 2219 1477 2268 vero
1492 2218 1576 2266 cum

443 2322 479 2395 in
495 2319 713 2395 definiendis
723 2315 964 2414 temporibus
975 2311 1001 2413 ¹)
1016 2330 1095 2390 tum
1106 2316 1142 2389 in
1153 2316 1405 2389 describendis
1415 2316 1578 2413 priorum

444 2444 619 2519 doctrinis
648 2439 804 2514 multum
832 2439 901 2511 arti
929 2454 968 2512 et
996 2437 1154 2512 orationi
1182 2439 1410 2512 concessisse
1431 2437 1578 2512 videtur

334 2580 336 2586 ’
445 2567 572 2640 Panto
600 2589 644 2638 ac
672 2585 941 2657 nonnunquam
970 2570 1167 2656 poetarum
1195 2561 1360 2659 quadam
1385 2586 1472 2634 usus
1495 2585 1577 2634 esse

444 2688 602 2778 licentia,
619 2710 694 2759 non
708 2682 911 2757 absurdum
925 2698 994 2774 est,
1011 2682 1113 2779 quod
1128 2682 1311 2757 interdum
1327 2683 1455 2780 quaeri
1469 2681 1575 2774 solet,

445 2838 535 2886 num
559 2835 606 2885 ex
629 2807 805 2882 Platonis
827 2806 998 2902 operibus
1019 2831 1108 2880 vera
1121 2805 1574 2903 proc-Socraticaeplrilo·

443 2934 594 3031 sophiae
619 2931 776 3030 cognitio
795 2929 881 3026 peti
893 2928 1027 3025 possit,
1053 2954 1143 3002 num
1167 2929 1299 3004 saltem
1323 2937 1417 3003 recte
1438 2930 1481 3002 de
1504 2928 1576 3002 illa

445 3058 505 3132 hic
533 3048 807 3148 i'udicooerit.')

445 3257 541 3324 paratis
557 3260 700 3305 namatus.
717 3250 758 3301 Cl.
775 3265 835 3315 pag.
851 3261 867 3298 2
883 3246 944 3297 edu.
961 3257 991 3314 53
1008 3254 1141 3313 praeterea
1156 3249 1251 3299 Hanni.
1268 3264 1293 3298 ο.
1303 3247 1322 3298 l.
1339 3263 1399 3314 pag.
1415 3256 1465 3313 275
1481 3247 1541 3298 adn.
1552 3247 1578 3314 8,

445 3346 562 3408 Zmunn,
580 3341 627 3391 Ph.
645 3339 672 3390 d.
691 3339 736 3388 Gr.
756 3338 791 3404 11,
814 3335 848 3402 1⁴,
868 3351 928 3400 pag.
949 3347 1003 3397 4¹0
1022 3334 1082 3387 adn.
1104 3348 1128 3385 2.

489 3432 531 3481 De
555 3429 597 3494 iis,
615 3441 682 3493 quae
701 3425 728 3474 ln
750 3425 926 3473 Donamus
944 3427 971 3471 et
991 3419 1163 3472 snutrein.
1183 3421 1310 3471 librarius
1330 3421 1509 3487 inveniuntur,
1526 3421 1577 3471 dis·

446 3526 537 3587 putare
555 3529 661 3566 necesse
680 3527 732 3561 non
749 3511 843 3560 babeo.

489 3609 531 3657 De
558 3603 636 3654 variis
662 3601 787 3650 librorum
815 3598 906 3662 pretiis
932 3598 1048 3664 denique
1073 3596 1106 3646 ci.
1131 3597 1209 3663 Btnr,
1234 3611 1259 3646 o.
1274 3595 1292 3646 l.
1315 3613 1376 3663 pag.
1401 3609 1453 3662 434
1472 3598 1533 3648 edu.
1551 3612 1578 3664 4,

436 3693 675 3747 Pudor-Wrssown
692 3688 745 3759 Ly.
764 3685 934 3736 Buchbandel
954 3685 1016 3752 (111.
1035 3684 1084 3734 col.
1104 3693 1154 3748 975
1174 3699 1212 3734 vs.
1231 3694 1264 3746 47
1285 3684 1366 3752 sqq).

489 3782 562 3832 Haec
577 3777 664 3828 omniu
679 3788 738 3824 cum
753 3771 785 3822 ad
802 3771 938 3837 sequentia
953 3770 1106 3822 illustranda
1122 3785 1175 3820 nou
1193 3770 1266 3835 parvi
1281 3770 1336 3821 fore
1345 3771 1470 3822 momenti
1480 3779 1578 3837 putem,

446 3869 524 3937 paulo
542 3864 647 3916 uberius
668 3858 786 3911 tractavi.

493 3953 518 4021 ι)
542 3951 583 4002 Cf.
608 3941 725 4012 Zabam,
749 3946 815 3996 Ueb.
838 3943 864 3994 d.
890 3944 1113 3995 Anachrouismen
1141 3943 1169 3993 iu
1195 3942 1248 3992 den
1274 3943 1374 4009 platon.
1401 3944 1579 4011 Gesprtlchen,

446 4041 516 4093 Abh.
535 4039 561 4088 d.
579 4036 648 4087 Berl.
667 4033 753 4083 Aliud.
775 4029 851 4093 1873,
868 4030 1008 4096 bisc-phil.
1027 4030 1073 4095 lrl.,
1092 4045 1152 4094 pag.
1173 4041 1206 4093 79
1216 4045 1276 4094 sqq.

490 4127 519 4194 a)
536 4121 659 4188 Exempli
682 4135 759 4170 causa
782 4117 860 4168 affero
882 4133 913 4167 ea
931 4133 999 4182 quse
1017 4117 1082 4168 dicit
1101 4117 1277 4166 Hanunnnus
1295 4117 1348 4166 o.l.
1368 4133 1427 4183 pag.
1447 4131 1499 4182 299
1517 4118 1578 4168 edu.

449 4225 511 4280 155:
541 4212 622 4278 „Hier
648 4204 764 4257 entsteht
792 4203 894 4254 freilicb
919 4205 962 4254 die
989 4205 1080 4269 Fruge,
1104 4203 1139 4252 ob
1164 4202 1279 4252 PLATO's
1302 4203 1508 4270 Schilderungen
1533 4205 1579 4254 der

446 4301 587 4367 Sophisteu
610 4303 668 4346 treu
691 4307 779 4358 seyen,
804 4292 922 4340 woruber
947 4289 1106 4341 nementlich
1130 4289 1174 4338 die
1193 4289 1397 4341 abweichendcn
1416 4293 1578 4357 Meinungcn

446 4403 497 4438 von
523 4385 633 4436 Gurnier
656 4382 685 4431 iu
709 4381 761 4430 den
787 4377 866 4427 Mem.
890 4377 924 4427 de
948 4377 1050 4428 l'Acad.
1075 4377 1101 4426 d.
1126 4376 1208 4425 Inscr.
1226 4375 1257 4424 T.
1276 4377 1390 4444 xxxlr,
1408 4395 1435 4443 p.
1457 4391 1467 4426 r
1473 4377 1506 4442 56
1524 4377 1579 4427 und

446 4472 610 4535 Bartbelemy
635 4468 701 4532 Voy.
718 4465 754 4514 du
770 4463 849 4528 jeune
868 4462 970 4513 Anscb.
989 4463 1037 4514 Cb.
1058 4461 1100 4527 58,
1119 4460 1150 4510 Τ.
1171 4460 1218 4527 1V,
1237 4477 1263 4526 p.
1283 4461 1345 4528 285,
1363 4479 1394 4513 zu
1412 4463 1578 4528 vergleichen

445 4561 519 4626 sind3
542 4560 604 4608 aber
627 4571 657 4604 so
681 4551 775 4614 ricbtig
798 4548 865 4599 auch
888 4550 1020 4599 Letzterer
1040 4548 1191 4612 beheupten
1212 4563 1281 4614 mag,
1299 4548 1358 4598 dass
1374 4550 1420 4599 wir
1435 4564 1513 4600 unser
1532 4550 1578 4601 Ur·

446 4647 510 4697 theil
520 4644 592 4695 nicht
600 4639 692 4691 durren
702 4637 782 4687 durch
792 4633 906 4685 PLnTo's
915 4634 1030 4699 Beispiel
1040 4634 1196 4685 bestimmen
1205 4633 1302 4700 lusseu,
1311 4650 1340 4685 so
1351 4635 1410 4686 sind
1419 4635 1506 4686 doch”
1517 4650 1576 4701 sqq.

492 4733 533 4783 Cl.
552 4732 669 4792 Zamae,
687 4725 733 4774 Ph.
752 4725 778 4773 d.
798 4723 842 4773 Gr.
861 4722 884 4789 1,
904 4723 933 4771 2⁵
952 4737 1012 4788 pag.
1034 4731 1109 4786 1095.
